4672 5632
1048 499 1243 562 ..5-

225 703 229 708 ’
276 705 356 774 haec
392 705 511 792 scripta
545 725 616 772 esse
649 727 713 774 non
746 705 848 775 solum
880 707 955 774 inde
983 727 1138 794 apparere
1166 709 1301 792 videtur,
1336 709 1421 794 qnod
1447 711 1482 778 in
1503 711 1667 778 codicibus
1689 712 1839 790 onheim
1862 717 1988 782 nomine

277 813 395 880 tradita
417 823 499 894 sunt,
524 812 581 880 sed
603 815 698 879 etiarn
721 814 806 897 quod
829 823 954 882 veteres
976 816 1172 900 grammatici
1195 825 1229 884 et
1250 817 1469 904 lexicographi
1491 819 1619 904 saepius
1639 819 1826 904 tetralogias
1849 830 1884 888 ut
1899 822 1989 888 Anti-

276 919 432 1006 phonteas
453 916 669 1005 respiciunt).
715 917 780 986 Sed
803 921 882 986 haec
904 929 1046 988 retorem
1069 924 1249 990 testimonie
1272 923 1451 1011 spernenda
1474 931 1557 1010 runt,
1581 925 1609 990 sl
1631 928 1823 1010 argumentis
1846 947 1888 994 ex
1909 929 1988 1014 ipsis

276 1028 471 1096 orationibus
498 1026 608 1114 petitis
629 1047 697 1094 rcm
719 1027 813 1094 aliter
834 1047 870 1094 se
892 1028 1012 1096 hebere
1033 1029 1242 1100 demonstrari
1265 1039 1383 1117 potest.
1427 1033 1534 1114 Atque
1556 1033 1618 1098 inm
1632 1031 1762 1100 Pahlins
1777 1043 1812 1099 et
1834 1055 1874 1100 ex
1896 1043 1991 1101 tetra·

276 1134 429 1220 logiamm
461 1133 569 1200 indole
603 1143 699 1218 atque
725 1143 839 1200 natura
867 1143 964 1204 etex
987 1136 1116 1206 dicendi
1137 1157 1255 1222 genere
1278 1157 1435 1224 apparere
1458 1137 1539 1204 dixit
1562 1159 1617 1205 eas
1640 1159 1705 1205 non
1724 1141 1766 1206 ab
1789 1142 1987 1228 Antiphonte

275 1238 470 1308 Rhamnusio
495 1259 565 1308 esee
596 1241 796 1338 compositas.
842 1241 892 1308 Ex
916 1242 1208 1328 eiusargnmentis,
1239 1265 1309 1312 cnm
1331 1244 1466 1330 plurima
1488 1245 1549 1312 iam
1573 1267 1593 1310 a
1615 1245 1731 1312 Bothio
1754 1247 1858 1313 multis
1881 1247 1988 1314 verbis

275 1347 412 1416 astuta
438 1349 512 1429 sint,
548 1368 586 1414 ea
613 1357 733 1414 tantmn
757 1346 882 1432 eligam,
906 1369 987 1433 quae
1010 1351 1066 1418 ille
1082 1351 1194 1418 obiter
1216 1363 1336 1418 mntem
1359 1353 1477 1436 tetigit.
1524 1351 1611 1419 Dicit
1633 1350 1763 1418 Pahlins
1786 1354 1819 1420 in
1842 1353 1905 1420 line
1928 1355 1988 1420 die

275 1455 448 1540 putationis
480 1475 557 1520 snae
595 1455 820 1538 cogitationum
854 1475 978 1522 suarum
1011 1477 1162 1527 semmam
1188 1457 1306 1524 inciens
1334 1481 1367 1546 p.
1398 1461 1453 1528 122
1490 1459 1555 1542 „lis
1577 1460 1622 1526 iet
1643 1460 1841 1542 nweiielhelt,
1859 1461 1907 1526 'ob
1930 1462 1989 1528 der

274 1558 484 1630 Rhamnusier
506 1561 670 1646 Antiphon
703 1561 736 1628 in
763 1561 822 1626 der
845 1561 953 1630 Weise
975 1561 1187 1632 Theoretilrer
1208 1585 1356 1650 genesen
1383 1567 1436 1647 ist,
1467 1567 1527 1632 wie
1554 1587 1589 1633 ee
1613 1567 1666 1634 die
1689 1566 1895 1653 Tetralogr'cn
1919 1589 1986 1636 vor·

275 1676 458 1748 aussetzen;
494 1667 644 1734 webrend
667 1672 706 1734 A.
742 1669 809 1734 sich
837 1668 885 1734 els
909 1671 1002 1738 einen
1025 1670 1123 1738 Mann
1145 1691 1208 1740 von
1231 1669 1416 1741 character.
1449 1673 1524 1740 dem
1551 1693 1586 1739 es
1609 1695 1660 1740 nm
1683 1673 1736 1740 die
1759 1673 1926 1740 Wahrheit
1949 1697 1987 1741 zu

238 1831 243 1838 .
274 1775 353 1842 thnn
382 1776 434 1856 ist,
466 1775 526 1840 wie
548 1775 591 1840 im
613 1773 733 1855 Leben,
763 1795 799 1840 eo
821 1776 856 1840 in
879 1776 942 1844 den
965 1777 1082 1844 beiden
1104 1778 1220 1844 echten
1241 1777 1365 1861 Reden,
1390 1779 1546 1860 darstellt
1570 1781 1682 1848 stehen
1707 1782 1758 1848 dic
1780 1780 1987 1867 Tetrnlcgien

274 1881 331 1948 ani
348 1882 421 1948 dem
443 1879 649 1967 Standpunlrt
671 1881 729 1946 der
751 1881 948 1967 niedrigsten
973 1881 1151 1970 Sophistilr;
1175 1885 1227 1950 die
1249 1882 1363 1954 Reden
1386 1887 1579 1953 schwanlnen
1607 1888 1764 1954 nwischen
1787 1885 1900 1954 Shizne
1921 1888 1987 1954 und

274 1987 375 2070 Rede,
411 1989 568 2054 nwischen
591 1985 813 2062 Studierstubo
841 1990 905 2056 und
928 1989 1176 2072 Gerichtehelle;
1211 1993 1269 2058 der
1291 1993 1462 2060 Ausdruck
1488 1994 1574 2078 zeigt
1596 1993 1899 2080 Gedankenfiguren
1922 1997 1987 2062 und

275 2097 440 2183 poetische
462 2095 600 2176 Worter,
625 2095 744 2162 welche
766 2097 840 2162 dem
862 2097 978 2164 echten
1002 2099 1165 2184 Antiphon
1180 2098 1280 2166 iremd
1296 2099 1378 2178 sind,
1402 2099 1466 2166 ond
1482 2100 1605 2166 enthttlt
1620 2100 1766 2168 dnnehen
1782 2103 1854 2167 eine
1869 2101 1986 2187 Menge

274 2225 337 2270 von
359 2203 571 2287 Wandungen
593 2203 657 2268 and
680 2201 840 2284 Wortern,
875 2203 996 2270 welche
1030 2205 1099 2270 sich
1125 2205 1158 2271 in
1186 2205 1245 2271 der
1272 2205 1513 2290 gewohnlichen
1534 2203 1677 2292 Spreche
1700 2209 1789 2275 nicht
1811 2207 1918 2274 finden
1942 2243 1984 2257 -

274 2331 310 2380 το
333 2311 471 2377 erheben
496 2329 531 2374 es
554 2309 617 2374 elle
639 2309 728 2376 diese
751 2309 883 2376 Grdnde
906 2329 1268 2396 zusammengenommen
1291 2331 1349 2378 one
1373 2333 1423 2377 zur
1450 2311 1650 2394 Gewissheit
1681 2314 1754 2380 dass
1777 2316 1835 2380 wir
1857 2317 1891 2380 in
1914 2315 1985 2381 dem

273 2417 444 2484 Verfaeser
466 2417 524 2482 der
545 2413 751 2500 Teenlogien
774 2417 862 2483 nicht
885 2417 948 2482 den
969 2415 1179 2486 Rhamnusier
1201 2422 1250 2500 A„
1274 2420 1412 2485 sondern
1435 2420 1598 2486 entweder
1620 2421 1714 2487 einen
1729 2419 1883 2488 Felscher
1905 2423 1985 2488 oder

274 2526 367 2590 einen
401 2522 521 2590 andern
544 2522 707 2608 Antiphon
742 2543 780 2586 au
814 2523 932 2588 cuchen
966 2523 1102 2590 heben.“
1153 2523 1227 2590 Jarn
1254 2525 1288 2590 id
1310 2533 1502 2612 reputemus,
1534 2527 1619 2610 quod
1641 2526 1771 2594 Pahlius
1795 2529 1874 2594 dicit
1896 2530 1985 2596 Anti·

274 2632 424 2717 phontem
446 2628 670 2696 Rhamnusium
700 2641 800 2696 artem
827 2628 1016 2698 rhetoricam
1043 2631 1181 2698 nondum
1206 2631 1252 2698 ita
1275 2633 1399 2700 ratione
1419 2643 1606 2719 perceptam
1626 2634 1773 2702 habuisse
1796 2657 1899 2720 neque
1923 2637 1985 2703 dis·

274 2739 410 2825 ciplinae
443 2739 620 2802 rhetoricae
652 2737 698 2801 ita
733 2736 869 2822 peritum
899 2735 1004 2817 luisse,
1039 2746 1074 2803 ut
1102 2737 1287 2822 tetralogins
1318 2759 1399 2823 quae
1427 2749 1556 2808 exstem
1581 2741 1722 2808 scribere
1750 2753 1871 2829 posset.
1918 2743 1984 2809 Iam

273 2845 407 2913 Bothiue
429 2845 549 2912 monuit
571 2843 656 2924 inde,
681 2843 764 2926 quod
787 2855 895 2910 orator
916 2844 950 2908 in
972 2843 1105 2912 eliorum
1126 2865 1213 2912 nsum
1236 2847 1396 2914 orationes
1417 2849 1452 2912 in
1473 2848 1590 2916 indicio
1613 2849 1777 2915 habendas
1795 2851 1985 2937 conseripsit

273 2960 307 3020 et
328 2953 407 3018 locis
431 2951 643 3018 communibus
666 2951 699 3014 in
722 2950 768 3016 eis
790 2950 1029 3020 conscribendis
1044 2972 1118 3018 neus
1134 2961 1193 3035 est,
1216 2975 1374 3041 apparere
1390 2975 1460 3021 enm
1475 2956 1629 3022 rationem
1644 2955 1781 3040 aliquam
1797 2957 1984 3042 disciplinae

272 3059 451 3126 rhetoricae
474 3058 633 3142 cognitam
654 3055 812 3124 habuisse.
859 3057 994 3124 Etcum
1017 3067 1192 3145 temporum
1215 3062 1341 3127 ratione
1370 3063 1491 3148 optime
1512 3063 1573 3129 hoc
1596 3064 1768 3150 conspirat.
1814 3061 1881 3129 Iam
1901 3065 1984 3130 enim

272 3163 425 3234 Cononem
447 3175 481 3230 et
502 3163 621 3230 Tisiam
644 3173 743 3230 artem
774 3175 807 3232 et
836 3174 1009 3250 praecepta
1042 3165 1242 3251 eloquentiae
1276 3169 1504 3255 conscripsisse
1530 3177 1566 3234 et
1586 3169 1639 3234 via
1661 3190 1700 3234 ac
1722 3170 1846 3235 ratione
1869 3179 1984 3236 tracta

272 3273 356 3340 risse
379 3271 569 3338 Aristoteles
592 3271 690 3338 tradit
713 3279 746 3336 et
768 3269 975 3354 Protagoram
999 3282 1032 3338 et
1047 3271 1199 3358 Gorgiam
1222 3296 1326 3341 rerum
1349 3275 1516 3343 illustrium
1538 3275 1781 3362 disputationes,
1805 3297 1886 3360 queo
1903 3297 1983 3342 com·

272 3401 380 3446 munes
402 3379 604 3465 appellantur
626 3379 698 3460 loci,
724 3378 937 3464 composuisse
961 3389 1094 3448 consmt.
1140 3378 1316 3448 Siculorum
1338 3389 1444 3448 antem
1464 3399 1639 3469 praecepta
1659 3383 1819 3449 rhetorica
1838 3384 1982 3468 fortasse,

272 3495 440 3570 antequam
463 3484 599 3570 Gorgias
621 3485 655 3552 in
678 3483 846 3552 Graeciam
873 3485 969 3566 venit,
1005 3485 1253 3557 Atheniensibis
1288 3499 1364 3555 nota
1393 3501 1496 3556 erant.
1544 3487 1612 3558 Sed
1634 3491 1753 3576 optime
1775 3491 1981 3578 heripotoit,

271 3601 307 3659 nt
328 3593 423 3680 paulo
446 3603 518 3678 post
541 3613 633 3676 quam
655 3614 674 3657 a
697 3589 818 3676 Gorgia
841 3591 996 3659 Leontino
1020 3589 1194 3662 Siculorum
1216 3617 1269 3661 ars
1291 3595 1419 3662 dicendi
1441 3594 1585 3662 Athenas
1607 3597 1762 3664 translata
1784 3607 1863 3682 eret,
1888 3609 1983 3665 tetra

272 3700 376 3786 legiae
399 3721 419 3765 a
440 3697 632 3766 Rhamnuslo
656 3707 930 3784 componerentur.

432 3805 469 3872 ln
492 3805 670 3890 tetralogiis
691 3813 876 3891 argumenta
898 3802 934 3882 ἐξ
956 3802 1090 3876 εἰκότων
1112 3809 1215 3896 petita
1237 3809 1371 3897 primum
1392 3809 1495 3876 locum
1518 3809 1676 3892 obtinent;
1707 3811 1740 3876 in
1763 3811 1802 3876 iis
1825 3811 1984 3898 proferen-

271 3915 321 3982 dis
343 3926 378 3982 et
399 3913 573 3980 refutandis
596 3923 704 3981 orator
725 3913 860 3980 menime
881 3923 1036 3982 versatu
1082 3913 1174 3982 Talia
1197 3925 1302 3982 autem
1324 3925 1509 4001 argumenta
1530 3915 1595 3982 illis
1618 3917 1812 4004 temporibns
1835 3919 1896 3984 iem
1918 3939 1983 3986 non

271 4021 421 4088 inneitata
454 4020 550 4086 luisse
583 4041 624 4086 ex
657 4018 841 4086 Aristotelis
874 4030 935 4088 art.
970 4021 1051 4088 rhet.
1085 4042 1118 4107 p.
1156 4023 1220 4090 104
1251 4021 1306 4110 Sp.
1342 4023 1501 4105 discimus,
1536 4025 1590 4108 qni
1623 4025 1769 4090 versibus
1803 4026 1982 4111 Agathonie

271 4119 343 4206 τάχ’
362 4119 406 4190 ἄν
424 4147 470 4198 τις
489 4121 576 4200 εἰκός
595 4119 675 4190 atet
694 4119 781 4190 τοῦτ’
791 4110 876 4190 εἶναι
893 4125 981 4208 λέγοι
992 4124 997 4218 l
1008 4131 1155 4210 βροτοῖσι
1173 4125 1283 4196 πολλοὶ
1302 4124 1472 4211 τνγχόνενν
1481 4125 1543 4195 οὐκ
1562 4124 1672 4195 εἰκότα
1692 4131 1796 4197 allatis
1818 4131 1898 4197 haec
1913 4153 1984 4218 pro.

269 4238 344 4304 lert:
367 4241 503 4318 γίγνεται
521 4233 584 4320 γάρ
602 4232 638 4302 τό
648 4231 737 4319 nepti
746 4231 782 4300 τό
800 4232 898 4317 εἰκός,
918 4231 999 4304 ὥστε
1009 4233 1097 4312 εἰκός
1107 4235 1162 4303 καὶ
1175 4234 1313 4323 τόπαρό
1320 4237 1359 4304 τό
1370 4235 1469 4312 εἰκός·
1480 4238 1509 4305 ei
1520 4237 1556 4305 δὲ
1565 4238 1669 4318 τοῦτο,
1685 4233 1773 4303 ἔσσαν
1785 4233 1821 4302 τό
1832 4233 1880 4324 μη
1895 4238 1982 4313 εἰκός

270 4339 367 4415 εἰκός·
388 4339 460 4410 ἄλλ’
473 4339 536 4425 οὐχ
560 4337 671 4418 ἁπλῶς
696 4333 901 4425 ἀλλ’(ὣσπερ
922 4339 976 4410 καὶ
996 4338 1051 4408 e'rrl
1061 4344 1122 4408 τῶν
1132 4338 1296 4424 ἐριστικῶν
1305 4342 1341 4411 τό
1351 4341 1432 4412 κατὰ
1442 4345 1474 4410 τί
1483 4341 1538 4408 καὶ
1548 4339 1629 4428 πρός
1637 4343 1670 4408 τί
1683 4335 1727 4408 ον’
1737 4345 1982 4427 προστιθέμενα

269 4455 361 4516 πονεῖ
377 4445 436 4535 τήν
455 4448 675 4532 coaeparatur
694 4445 764 4532 καὶ)
774 4445 919 4514 ἐνταῦθα
939 4445 1029 4532 παρὰ
1043 4444 1080 4514 τό
1101 4445 1189 4520 ἐἰκός
1208 4435 1292 4514 εἶναι
1311 4446 1359 4538 μη
1378 4447 1494 4520 ἅπλῶς
1510 4441 1601 4514 α’λλό
1619 4470 1648 4515 τι
1663 4447 1759 4521 εἰκός.
1784 4439 1878 4514 Ἔστι
1893 4447 1929 4516 δὲ
1944 4445 1981 4515 ἐκ

266 4549 384 4620 τοῦτον
399 4555 456 4618 τοῦ
473 4547 607 4638 τόπονῆ
626 4548 773 4635 Κόρακος
793 4554 888 4638 τέχνη
915 4557 1116 4640 συγκειμένη·
1144 4547 1184 4617 ἄν
1203 4577 1237 4624 τε
1256 4550 1315 4638 γόρ
1336 4551 1379 4636 μτ“
1400 4552 1512 4636 ἔνοχος
1530 4537 1555 4641 ἤ
1572 4557 1610 4642 τῇ
1630 4553 1729 4640 αἰτίᾳ,
1747 4543 1818 4622 οἷον
1835 4547 1982 4630 dederit

269 4655 311 4724 ὒν
342 4658 450 4734 αἰκίας
478 4654 590 4745 φεόγη·
618 4649 656 4722 οὔ
686 4655 744 4740 γὰρ
764 4655 861 4730 εἰκός·
893 4653 953 4725 κόν
972 4655 1085 4740 ἔνοχος
1113 4655 1157 4726 ὃν
1175 4649 1247 4726 οἷον
1268 4655 1311 4728 όν
1332 4656 1463 4744 ἱσχνρός
1489 4655 1548 4726 ὄν·
1566 4655 1612 4728 ον’
1630 4655 1689 4744 γόρ
1708 4655 1804 4741 εἰκός,
1826 4654 1874 4727 ὅτι
1893 4658 1980 4739 εἰκός

268 4761 385 4848 ἔμελλε
413 4757 527 4843 δόξειν.
573 4759 694 4846 ὁμοίως
721 4760 756 4830 δὲ
784 4760 838 4832 καὶ
861 4759 916 4828 ἐπὶ
938 4765 999 4832 τόν
1022 4759 1140 4846 ἄλλον,
1163 4760 1187 4856 ἢ
1208 4761 1268 4848 γάρ
1294 4763 1408 4847 ἔνοχον
1433 4759 1560 4852 α’νόγκη
1584 4761 1609 4856 ἢ
1630 4760 1678 4851 μη
1701 4761 1815 4847 ἔνοχον
1837 4751 1982 4854 electori

270 4897 485 4927 m

282 4955 305 5029 ¹)
324 4958 365 5014 De
384 4959 432 5014 hec
450 4977 479 5015 re
497 4962 553 5032 egit
576 4959 605 5020 J.
622 4959 719 5022 Kohm
739 4959 804 5028 (liin
817 4959 928 5032 Beitrag
941 4976 987 5016 aur
1000 4959 1086 5086 Ἢν
1104 4962 1170 5016 dher
1187 4959 1232 5018 dle
1245 4959 1372 5016 Echthelt
1391 4960 1438 5018 der
1450 4959 1622 5034 Tetrnloglen
1639 4959 1687 5020 dee
1700 4961 1819 5019 Rednere
1831 4959 1979 5032 Antiphon.

323 5024 396 5101 Prag
414 5027 496 5096 teet)
513 5035 559 5102 qu'r
578 5043 646 5102 quae
665 5039 766 5087 veteres
785 5045 818 5086 ex
837 5033 1007 5102 Antiphonte
1080 5037 1143 5086 runt
1160 5047 1194 5086 ex
1211 5030 1331 5088 Oeecllm
1349 5027 1489 5089 Oelectlno
1512 5031 1620 5090 dantem
1642 5039 1671 5090 et
1689 5030 1844 5104 tetralcgler
1862 5031 1897 5088 ab
1916 5031 1979 5088 Oee-

323 5099 390 5159 eillo
407 5101 436 5157 in
455 5103 633 5174 Antiphontis
651 5103 817 5160 catomum
835 5103 942 5160 habitet
960 5102 1104 5158 consimile
1122 5119 1180 5159 ene
1199 5103 1373 5160 demonstrat.
