<?xml version="1.0" encoding="UTF-8"?>
<!DOCTYPE html PUBLIC "-//W3C//DTD XHTML 1.0 Transitional//EN"
    "http://www.w3.org/TR/xhtml1/DTD/xhtml1-transitional.dtd">
<html xmlns="http://www.w3.org/1999/xhtml" xml:lang="en" lang="en">
 <head>
  <title>
</title>
<meta http-equiv="Content-Type" content="text/html;charset=utf-8" />
  <meta name='ocr-system' content='tesseract 3.04.00' />
  <meta name='ocr-capabilities' content='ocr_page ocr_carea ocr_par ocr_line ocrx_word'/>
</head>
<body>
  <div class='ocr_page' id='page_1' title='image "./deantiphontisrh00brangoog_0012.png"; bbox 0 0 4672 5632; ppageno 0'>
   <div class='ocr_carea' id='block_1_1' title="bbox 1075 491 1275 551">
    <p class='ocr_par' dir='ltr' id='par_1_1' title="bbox 1075 491 1275 551">
     <span class='ocr_line' id='line_1_1' title="bbox 1075 491 1275 551; baseline 0 -19"><span class='ocrx_word' id='word_1_1' title='bbox 1075 491 1275 551; x_wconf 82' lang='grc' dir='ltr'>-γ...</span> 
     </span>
    </p>
   </div>
   <div class='ocr_carea' id='block_1_2' title="bbox 240 693 2032 2386">
    <p class='ocr_par' dir='ltr' id='par_1_2' title="bbox 240 693 2032 2386">
     <span class='ocr_line' id='line_1_2' title="bbox 314 693 2024 786; baseline 0.002 -22"><span class='ocrx_word' id='word_1_2' title='bbox 314 697 340 765; x_wconf 95' lang='grc' dir='ltr'>Ι.</span> <span class='ocrx_word' id='word_1_3' title='bbox 365 697 396 781; x_wconf 78' lang='grc'>2,</span> <span class='ocrx_word' id='word_1_4' title='bbox 430 697 507 765; x_wconf 82' lang='lat' dir='ltr'>2et</span> <span class='ocrx_word' id='word_1_5' title='bbox 528 697 575 765; x_wconf 91' lang='lat' dir='ltr'>lll.</span> <span class='ocrx_word' id='word_1_6' title='bbox 610 703 639 766; x_wconf 93' lang='lat' dir='ltr'>l.</span> <span class='ocrx_word' id='word_1_7' title='bbox 666 697 699 766; x_wconf 88' lang='lat'>3.</span> <span class='ocrx_word' id='word_1_8' title='bbox 723 697 741 763; x_wconf 86' lang='grc'><strong>7</strong></span> <span class='ocrx_word' id='word_1_9' title='bbox 766 697 807 764; x_wconf 89' lang='lat' dir='ltr'>al</span> <span class='ocrx_word' id='word_1_10' title='bbox 831 717 918 765; x_wconf 91' lang='lat' dir='ltr'>more</span> <span class='ocrx_word' id='word_1_11' title='bbox 940 697 1128 766; x_wconf 84' lang='lat' dir='ltr'>Herodoteo</span> <span class='ocrx_word' id='word_1_12' title='bbox 1149 699 1340 764; x_wconf 81' lang='grc' dir='ltr'><strong><em>καταδοκεῖν</em></strong></span> <span class='ocrx_word' id='word_1_13' title='bbox 1371 707 1553 786; x_wconf 87' lang='lat' dir='ltr'>usurpatum</span> <span class='ocrx_word' id='word_1_14' title='bbox 1575 717 1634 786; x_wconf 91' lang='lat' dir='ltr'>pro</span> <span class='ocrx_word' id='word_1_15' title='bbox 1656 693 1866 781; x_wconf 68' lang='lat' dir='ltr'>daumerico,</span> <span class='ocrx_word' id='word_1_16' title='bbox 1899 697 1925 768; x_wconf 91' lang='lat'>1.</span> <span class='ocrx_word' id='word_1_17' title='bbox 1948 699 2024 782; x_wconf 77' lang='grc'>2,7</span> 
     </span>
     <span class='ocr_line' id='line_1_3' title="bbox 315 798 2031 891; baseline 0.001 -22"><span class='ocrx_word' id='word_1_18' title='bbox 315 798 634 888; x_wconf 83' lang='grc' dir='ltr'><strong><em>άναγιγνασκάμενον</em></strong></span> <span class='ocrx_word' id='word_1_19' title='bbox 670 824 729 890; x_wconf 92' lang='lat' dir='ltr'>pro</span> <span class='ocrx_word' id='word_1_20' title='bbox 766 799 1035 887; x_wconf 83' lang='grc' dir='ltr'><strong><em>άναπειθάμενον</em></strong></span> <span class='ocrx_word' id='word_1_21' title='bbox 1073 816 1108 873; x_wconf 89' lang='lat' dir='ltr'>et</span> <span class='ocrx_word' id='word_1_22' title='bbox 1140 804 1167 870; x_wconf 90' lang='lat'>1.</span> <span class='ocrx_word' id='word_1_23' title='bbox 1195 803 1228 870; x_wconf 83' lang='lat'>3.</span> <span class='ocrx_word' id='word_1_24' title='bbox 1259 807 1274 868; x_wconf 89' lang='lat' dir='ltr'>l</span> <span class='ocrx_word' id='word_1_25' title='bbox 1303 800 1535 888; x_wconf 73' lang='grc' dir='ltr'><strong><em>πειρασόμεθα</em></strong></span> <span class='ocrx_word' id='word_1_26' title='bbox 1571 800 1756 886; x_wconf 64' lang='grc' dir='ltr'><strong><em>ἐλέγχοντες</em></strong></span> <span class='ocrx_word' id='word_1_27' title='bbox 1789 826 1849 891; x_wconf 93' lang='lat' dir='ltr'>pro</span> <span class='ocrx_word' id='word_1_28' title='bbox 1871 800 2031 886; x_wconf 70' lang='grc' dir='ltr'><strong><em>δλέγχεινς</em></strong></span> 
     </span>
     <span class='ocr_line' id='line_1_4' title="bbox 315 907 2028 999; baseline 0 -21"><span class='ocrx_word' id='word_1_29' title='bbox 315 911 340 978; x_wconf 94' lang='lat'>1.</span> <span class='ocrx_word' id='word_1_30' title='bbox 365 911 396 978; x_wconf 79' lang='lat'>2.</span> <span class='ocrx_word' id='word_1_31' title='bbox 419 912 441 978; x_wconf 83' lang='lat'><strong>3</strong></span> <span class='ocrx_word' id='word_1_32' title='bbox 465 921 499 976; x_wconf 89' lang='lat' dir='ltr'>et</span> <span class='ocrx_word' id='word_1_33' title='bbox 521 910 552 994; x_wconf 88' lang='lat'>8,</span> <span class='ocrx_word' id='word_1_34' title='bbox 576 909 592 976; x_wconf 92' lang='lat'>1</span> <span class='ocrx_word' id='word_1_35' title='bbox 614 912 648 978; x_wconf 86' lang='grc'>3.</span> <span class='ocrx_word' id='word_1_36' title='bbox 659 909 692 994; x_wconf 76' lang='lat' dir='ltr'>b,</span> <span class='ocrx_word' id='word_1_37' title='bbox 716 909 732 976; x_wconf 94' lang='grc' dir='ltr'>Ι</span> <span class='ocrx_word' id='word_1_38' title='bbox 754 909 821 978; x_wconf 66' lang='grc' dir='ltr'><strong><em>Μ</em></strong></span> <span class='ocrx_word' id='word_1_39' title='bbox 835 909 911 976; x_wconf 85' lang='lat' dir='ltr'>alibi</span> <span class='ocrx_word' id='word_1_40' title='bbox 934 907 1368 999; x_wconf 54' lang='lat' dir='ltr'>componascomnponas,</span> <span class='ocrx_word' id='word_1_41' title='bbox 1391 909 1478 976; x_wconf 83' lang='lat' dir='ltr'>cuius</span> <span class='ocrx_word' id='word_1_42' title='bbox 1500 912 1630 978; x_wconf 82' lang='lat' dir='ltr'>absurdi</span> <span class='ocrx_word' id='word_1_43' title='bbox 1652 931 1727 980; x_wconf 86' lang='lat' dir='ltr'>usus</span> <span class='ocrx_word' id='word_1_44' title='bbox 1749 913 1860 978; x_wconf 87' lang='lat' dir='ltr'>mirum</span> <span class='ocrx_word' id='word_1_45' title='bbox 1882 933 1946 979; x_wconf 89' lang='lat' dir='ltr'>uun</span> <span class='ocrx_word' id='word_1_46' title='bbox 1973 920 2028 979; x_wconf 86' lang='lat' dir='ltr'>est</span> 
     </span>
     <span class='ocr_line' id='line_1_5' title="bbox 315 1017 2024 1108; baseline 0.002 -25"><span class='ocrx_word' id='word_1_47' title='bbox 315 1037 418 1102; x_wconf 89' lang='lat' dir='ltr'>neque</span> <span class='ocrx_word' id='word_1_48' title='bbox 450 1018 536 1104; x_wconf 85' lang='lat' dir='ltr'>apud</span> <span class='ocrx_word' id='word_1_49' title='bbox 568 1037 677 1084; x_wconf 86' lang='lat' dir='ltr'>rernm</span> <span class='ocrx_word' id='word_1_50' title='bbox 703 1018 931 1105; x_wconf 80' lang='lat' dir='ltr'>Antiphontem</span> <span class='ocrx_word' id='word_1_51' title='bbox 964 1039 1067 1105; x_wconf 86' lang='lat' dir='ltr'>neque</span> <span class='ocrx_word' id='word_1_52' title='bbox 1099 1019 1183 1106; x_wconf 81' lang='lat' dir='ltr'>epud</span> <span class='ocrx_word' id='word_1_53' title='bbox 1217 1017 1312 1084; x_wconf 82' lang='lat' dir='ltr'>alium</span> <span class='ocrx_word' id='word_1_54' title='bbox 1345 1017 1531 1103; x_wconf 72' lang='lat' dir='ltr'>scriptorem</span> <span class='ocrx_word' id='word_1_55' title='bbox 1565 1021 1726 1103; x_wconf 88' lang='lat' dir='ltr'>antiquum</span> <span class='ocrx_word' id='word_1_56' title='bbox 1758 1019 1855 1086; x_wconf 90' lang='lat' dir='ltr'>ullum</span> <span class='ocrx_word' id='word_1_57' title='bbox 1889 1020 2024 1108; x_wconf 69' lang='lat' dir='ltr'>reperiri</span> 
     </span>
     <span class='ocr_line' id='line_1_6' title="bbox 315 1121 2024 1215; baseline 0.002 -25"><span class='ocrx_word' id='word_1_58' title='bbox 315 1124 501 1211; x_wconf 81' lang='lat' dir='ltr'>exemplum,</span> <span class='ocrx_word' id='word_1_59' title='bbox 538 1123 585 1190; x_wconf 92' lang='lat' dir='ltr'>lll.</span> <span class='ocrx_word' id='word_1_60' title='bbox 616 1123 647 1207; x_wconf 85' lang='lat'>3,</span> <span class='ocrx_word' id='word_1_61' title='bbox 682 1123 703 1190; x_wconf 82' lang='lat'>8</span> <span class='ocrx_word' id='word_1_62' title='bbox 738 1133 772 1192; x_wconf 90' lang='lat' dir='ltr'>et</span> <span class='ocrx_word' id='word_1_63' title='bbox 798 1124 876 1192; x_wconf 82' lang='lat' dir='ltr'>alibi</span> <span class='ocrx_word' id='word_1_64' title='bbox 909 1121 1171 1209; x_wconf 69' lang='grc' dir='ltr'>καταλαμβάνειν</span> <span class='ocrx_word' id='word_1_65' title='bbox 1204 1125 1379 1192; x_wconf 88' lang='lat' dir='ltr'>edhibitnm</span> <span class='ocrx_word' id='word_1_66' title='bbox 1412 1144 1471 1210; x_wconf 92' lang='lat' dir='ltr'>pro</span> <span class='ocrx_word' id='word_1_67' title='bbox 1504 1124 1808 1215; x_wconf 70' lang='grc' dir='ltr'><strong><em>καταψηφίζεσθαι,</em></strong></span> <span class='ocrx_word' id='word_1_68' title='bbox 1842 1126 1868 1199; x_wconf 86' lang='grc' dir='ltr'>Ι.</span> <span class='ocrx_word' id='word_1_69' title='bbox 1890 1127 1921 1194; x_wconf 89' lang='grc'>3.</span> <span class='ocrx_word' id='word_1_70' title='bbox 1950 1129 1964 1192; x_wconf 91' lang='lat' dir='ltr'>l</span> <span class='ocrx_word' id='word_1_71' title='bbox 1990 1136 2024 1194; x_wconf 87' lang='lat' dir='ltr'>et</span> 
     </span>
     <span class='ocr_line' id='line_1_7' title="bbox 314 1224 2027 1324; baseline 0.001 -26"><span class='ocrx_word' id='word_1_72' title='bbox 314 1232 361 1298; x_wconf 87' lang='lat' dir='ltr'>lll.</span> <span class='ocrx_word' id='word_1_73' title='bbox 384 1234 416 1300; x_wconf 83' lang='lat'>3.</span> <span class='ocrx_word' id='word_1_74' title='bbox 443 1235 457 1298; x_wconf 91' lang='lat'>1</span> <span class='ocrx_word' id='word_1_75' title='bbox 482 1226 684 1324; x_wconf 76' lang='grc' dir='ltr'><strong><em>άπελογήθη</em></strong></span> <span class='ocrx_word' id='word_1_76' title='bbox 708 1251 767 1318; x_wconf 89' lang='lat' dir='ltr'>pro</span> <span class='ocrx_word' id='word_1_77' title='bbox 788 1224 1028 1317; x_wconf 75' lang='grc' dir='ltr'><strong><em>ἀπελογήσατο,</em></strong></span> <span class='ocrx_word' id='word_1_78' title='bbox 1052 1231 1138 1316; x_wconf 88' lang='lat' dir='ltr'>quod</span> <span class='ocrx_word' id='word_1_79' title='bbox 1158 1230 1418 1317; x_wconf 78' lang='lat' dir='ltr'>estl&#39;olybiauee</span> <span class='ocrx_word' id='word_1_80' title='bbox 1441 1231 1461 1295; x_wconf 89' lang='lat' dir='ltr'>i.</span> <span class='ocrx_word' id='word_1_81' title='bbox 1478 1252 1507 1300; x_wconf 88' lang='lat' dir='ltr'>e.</span> <span class='ocrx_word' id='word_1_82' title='bbox 1529 1231 1667 1302; x_wconf 81' lang='lat' dir='ltr'>labentis</span> <span class='ocrx_word' id='word_1_83' title='bbox 1682 1229 1908 1302; x_wconf 51' lang='lat' dir='ltr'>omasum</span> <span class='ocrx_word' id='word_1_84' title='bbox 1956 1232 2027 1316; x_wconf 87' lang='lat' dir='ltr'>His,</span> 
     </span>
     <span class='ocr_line' id='line_1_8' title="bbox 316 1334 2032 1428; baseline 0.001 -22"><span class='ocrx_word' id='word_1_85' title='bbox 316 1359 397 1424; x_wconf 82' lang='lat' dir='ltr'>qnae</span> <span class='ocrx_word' id='word_1_86' title='bbox 424 1341 585 1426; x_wconf 70' lang='lat' dir='ltr'>congessit</span> <span class='ocrx_word' id='word_1_87' title='bbox 607 1339 852 1420; x_wconf 82' lang='lat' dir='ltr'>Herwerdenus,</span> <span class='ocrx_word' id='word_1_88' title='bbox 886 1337 1048 1404; x_wconf 82' lang='lat' dir='ltr'>vocubulis</span> <span class='ocrx_word' id='word_1_89' title='bbox 1071 1336 1265 1406; x_wconf 88' lang='lat' dir='ltr'>Herodoteis</span> <span class='ocrx_word' id='word_1_90' title='bbox 1288 1337 1480 1407; x_wconf 78' lang='grc' dir='ltr'><strong><em>Ηοττωοοοε</em></strong></span> <span class='ocrx_word' id='word_1_91' title='bbox 1508 1337 1571 1406; x_wconf 90' lang='lat' dir='ltr'>duo</span> <span class='ocrx_word' id='word_1_92' title='bbox 1593 1337 1717 1407; x_wconf 79' lang='lat' dir='ltr'><strong>addidit</strong></span> <span class='ocrx_word' id='word_1_93' title='bbox 1738 1360 1769 1428; x_wconf 92' lang='lat' dir='ltr'>p.</span> <span class='ocrx_word' id='word_1_94' title='bbox 1793 1339 1850 1408; x_wconf 77' lang='lat'>38:</span> <span class='ocrx_word' id='word_1_95' title='bbox 1884 1334 2032 1414; x_wconf 81' lang='grc' dir='ltr'><strong><em>εδπετῶς</em></strong></span> 
     </span>
     <span class='ocr_line' id='line_1_9' title="bbox 316 1441 2029 1530; baseline 0.002 -20"><span class='ocrx_word' id='word_1_96' title='bbox 316 1449 348 1510; x_wconf 86' lang='grc' dir='ltr'><strong><em>Β</em></strong></span> <span class='ocrx_word' id='word_1_97' title='bbox 371 1447 392 1512; x_wconf 90' lang='grc' dir='ltr'><strong><em>δ</em></strong></span> <span class='ocrx_word' id='word_1_98' title='bbox 414 1447 444 1528; x_wconf 81' lang='grc'>7,</span> <span class='ocrx_word' id='word_1_99' title='bbox 468 1441 692 1530; x_wconf 75' lang='grc' dir='ltr'><strong><em>ἂκεσαμένονς</em></strong></span> <span class='ocrx_word' id='word_1_100' title='bbox 714 1446 761 1526; x_wconf 75' lang='grc' dir='ltr'>Γγ</span> <span class='ocrx_word' id='word_1_101' title='bbox 784 1446 815 1512; x_wconf 81' lang='lat' dir='ltr'>i.</span> <span class='ocrx_word' id='word_1_102' title='bbox 862 1442 928 1512; x_wconf 88' lang='lat' dir='ltr'>Sed</span> <span class='ocrx_word' id='word_1_103' title='bbox 950 1445 1074 1510; x_wconf 88' lang='lat' dir='ltr'>etiamsi</span> <span class='ocrx_word' id='word_1_104' title='bbox 1096 1443 1154 1512; x_wconf 84' lang='lat' dir='ltr'>illa</span> <span class='ocrx_word' id='word_1_105' title='bbox 1173 1444 1338 1528; x_wconf 84' lang='lat' dir='ltr'>vocabula,</span> <span class='ocrx_word' id='word_1_106' title='bbox 1362 1464 1443 1528; x_wconf 86' lang='lat' dir='ltr'>quae</span> <span class='ocrx_word' id='word_1_107' title='bbox 1465 1445 1599 1512; x_wconf 79' lang='lat' dir='ltr'>afferunt</span> <span class='ocrx_word' id='word_1_108' title='bbox 1620 1444 1856 1514; x_wconf 84' lang='lat' dir='ltr'>Herrrerdenus</span> <span class='ocrx_word' id='word_1_109' title='bbox 1879 1458 1914 1515; x_wconf 88' lang='lat' dir='ltr'>et</span> <span class='ocrx_word' id='word_1_110' title='bbox 1936 1447 2029 1514; x_wconf 86' lang='lat' dir='ltr'>Hart</span> 
     </span>
     <span class='ocr_line' id='line_1_10' title="bbox 316 1551 2028 1642; baseline 0.001 -23"><span class='ocrx_word' id='word_1_111' title='bbox 316 1574 434 1637; x_wconf 73' lang='lat' dir='ltr'>manus,</span> <span class='ocrx_word' id='word_1_112' title='bbox 459 1553 543 1638; x_wconf 87' lang='lat' dir='ltr'>apud</span> <span class='ocrx_word' id='word_1_113' title='bbox 555 1573 611 1618; x_wconf 89' lang='lat' dir='ltr'>eos</span> <span class='ocrx_word' id='word_1_114' title='bbox 621 1553 794 1639; x_wconf 87' lang='lat' dir='ltr'>scriptores</span> <span class='ocrx_word' id='word_1_115' title='bbox 807 1553 943 1633; x_wconf 82' lang='lat' dir='ltr'>Atticos,</span> <span class='ocrx_word' id='word_1_116' title='bbox 967 1552 1020 1636; x_wconf 89' lang='lat' dir='ltr'>qui</span> <span class='ocrx_word' id='word_1_117' title='bbox 1031 1553 1347 1638; x_wconf 80' lang='lat' dir='ltr'>postAntiphontem</span> <span class='ocrx_word' id='word_1_118' title='bbox 1368 1551 1504 1634; x_wconf 82' lang='lat' dir='ltr'>fuerunt,</span> <span class='ocrx_word' id='word_1_119' title='bbox 1527 1572 1590 1620; x_wconf 88' lang='lat' dir='ltr'>non</span> <span class='ocrx_word' id='word_1_120' title='bbox 1613 1560 1751 1642; x_wconf 74' lang='lat' dir='ltr'>exstant,</span> <span class='ocrx_word' id='word_1_121' title='bbox 1772 1554 1848 1633; x_wconf 83' lang='lat' dir='ltr'>inde</span> <span class='ocrx_word' id='word_1_122' title='bbox 1871 1575 1934 1622; x_wconf 92' lang='lat' dir='ltr'>non</span> <span class='ocrx_word' id='word_1_123' title='bbox 1957 1575 2028 1620; x_wconf 86' lang='lat' dir='ltr'>cen-</span> 
     </span>
     <span class='ocr_line' id='line_1_11' title="bbox 318 1657 2028 1746; baseline -0.001 -18"><span class='ocrx_word' id='word_1_124' title='bbox 318 1661 507 1728; x_wconf 88' lang='lat' dir='ltr'>cludendnm</span> <span class='ocrx_word' id='word_1_125' title='bbox 520 1668 571 1726; x_wconf 89' lang='lat' dir='ltr'>est</span> <span class='ocrx_word' id='word_1_126' title='bbox 585 1659 770 1746; x_wconf 77' lang='lat' dir='ltr'>tetralogiss</span> <span class='ocrx_word' id='word_1_127' title='bbox 785 1659 970 1726; x_wconf 80' lang='lat' dir='ltr'>subditicius</span> <span class='ocrx_word' id='word_1_128' title='bbox 986 1659 1148 1725; x_wconf 80' lang='lat' dir='ltr'>habendas</span> <span class='ocrx_word' id='word_1_129' title='bbox 1164 1679 1246 1726; x_wconf 85' lang='lat' dir='ltr'>esse.</span> <span class='ocrx_word' id='word_1_130' title='bbox 1291 1657 1372 1726; x_wconf 82' lang='lat' dir='ltr'>Nem</span> <span class='ocrx_word' id='word_1_131' title='bbox 1387 1659 1450 1726; x_wconf 85' lang='lat' dir='ltr'>iarn</span> <span class='ocrx_word' id='word_1_132' title='bbox 1463 1659 1532 1746; x_wconf 91' lang='lat' dir='ltr'>ipse</span> <span class='ocrx_word' id='word_1_133' title='bbox 1547 1657 1740 1728; x_wconf 66' lang='lat' dir='ltr'>Romanus</span> <span class='ocrx_word' id='word_1_134' title='bbox 1755 1667 1845 1728; x_wconf 87' lang='lat' dir='ltr'>reete</span> <span class='ocrx_word' id='word_1_135' title='bbox 1855 1661 1931 1728; x_wconf 92' lang='lat' dir='ltr'>mihi</span> <span class='ocrx_word' id='word_1_136' title='bbox 1942 1661 2028 1727; x_wconf 85' lang='lat' dir='ltr'>vide-</span> 
     </span>
     <span class='ocr_line' id='line_1_12' title="bbox 318 1764 2028 1852; baseline 0.001 -18"><span class='ocrx_word' id='word_1_137' title='bbox 318 1777 369 1834; x_wconf 88' lang='lat' dir='ltr'>tur</span> <span class='ocrx_word' id='word_1_138' title='bbox 392 1767 500 1834; x_wconf 87' lang='lat' dir='ltr'>dicere</span> <span class='ocrx_word' id='word_1_139' title='bbox 522 1768 556 1834; x_wconf 87' lang='lat' dir='ltr'>in</span> <span class='ocrx_word' id='word_1_140' title='bbox 581 1766 800 1852; x_wconf 82' lang='lat' dir='ltr'>antiquissimo</span> <span class='ocrx_word' id='word_1_141' title='bbox 834 1765 986 1833; x_wconf 86' lang='lat' dir='ltr'>sermonis</span> <span class='ocrx_word' id='word_1_142' title='bbox 1014 1765 1174 1851; x_wconf 89' lang='lat' dir='ltr'>pedestris</span> <span class='ocrx_word' id='word_1_143' title='bbox 1200 1774 1387 1852; x_wconf 76' lang='lat' dir='ltr'>argumento</span> <span class='ocrx_word' id='word_1_144' title='bbox 1410 1765 1479 1832; x_wconf 82' lang='lat' dir='ltr'>sole</span> <span class='ocrx_word' id='word_1_145' title='bbox 1500 1765 1656 1834; x_wconf 80' lang='lat' dir='ltr'>vocabulo</span> <span class='ocrx_word' id='word_1_146' title='bbox 1677 1764 1787 1839; x_wconf 82' lang='lat' dir='ltr'>Ionica</span> <span class='ocrx_word' id='word_1_147' title='bbox 1808 1775 1904 1852; x_wconf 81' lang='lat' dir='ltr'>atque</span> <span class='ocrx_word' id='word_1_148' title='bbox 1927 1768 2028 1836; x_wconf 86' lang='lat' dir='ltr'>elocu-</span> 
     </span>
     <span class='ocr_line' id='line_1_13' title="bbox 317 1871 2028 1959; baseline 0.001 -19"><span class='ocrx_word' id='word_1_149' title='bbox 317 1874 430 1956; x_wconf 85' lang='lat' dir='ltr'>tiones,</span> <span class='ocrx_word' id='word_1_150' title='bbox 463 1893 544 1958; x_wconf 85' lang='lat' dir='ltr'>qnae</span> <span class='ocrx_word' id='word_1_151' title='bbox 569 1873 729 1959; x_wconf 85' lang='lat' dir='ltr'>poeticum</span> <span class='ocrx_word' id='word_1_152' title='bbox 752 1871 889 1940; x_wconf 87' lang='lat' dir='ltr'>colorem</span> <span class='ocrx_word' id='word_1_153' title='bbox 913 1873 1041 1956; x_wconf 80' lang='lat' dir='ltr'>habeut,</span> <span class='ocrx_word' id='word_1_154' title='bbox 1063 1893 1127 1940; x_wconf 91' lang='lat' dir='ltr'>non</span> <span class='ocrx_word' id='word_1_155' title='bbox 1150 1881 1271 1940; x_wconf 87' lang='lat' dir='ltr'>tantum</span> <span class='ocrx_word' id='word_1_156' title='bbox 1293 1872 1411 1954; x_wconf 84' lang='lat' dir='ltr'>valere,</span> <span class='ocrx_word' id='word_1_157' title='bbox 1434 1881 1470 1939; x_wconf 92' lang='lat' dir='ltr'>ut</span> <span class='ocrx_word' id='word_1_158' title='bbox 1492 1879 1662 1958; x_wconf 81' lang='lat' dir='ltr'>propterea</span> <span class='ocrx_word' id='word_1_159' title='bbox 1684 1872 1930 1940; x_wconf 78' lang='lat' dir='ltr'>declamationes</span> <span class='ocrx_word' id='word_1_160' title='bbox 1953 1875 2028 1942; x_wconf 88' lang='lat' dir='ltr'>illae</span> 
     </span>
     <span class='ocr_line' id='line_1_14' title="bbox 318 1977 2029 2068; baseline 0.001 -22"><span class='ocrx_word' id='word_1_161' title='bbox 318 1981 444 2066; x_wconf 78' lang='lat' dir='ltr'>spuriae</span> <span class='ocrx_word' id='word_1_162' title='bbox 456 1981 640 2047; x_wconf 86' lang='lat' dir='ltr'>habeantur.</span> <span class='ocrx_word' id='word_1_163' title='bbox 663 1977 1223 2065; x_wconf 78' lang='lat' dir='ltr'>Quoninmsntiphontiplnnenovns</span> <span class='ocrx_word' id='word_1_164' title='bbox 1235 1979 2029 2068; x_wconf 82' lang='lat' dir='ltr'>sermotiugeuduseret,edpoetesetudpedestris</span> 
     </span>
     <span class='ocr_line' id='line_1_15' title="bbox 317 2085 2030 2188; baseline 0.001 -36"><span class='ocrx_word' id='word_1_165' title='bbox 317 2087 468 2155; x_wconf 85' lang='lat' dir='ltr'>orationis</span> <span class='ocrx_word' id='word_1_166' title='bbox 491 2086 638 2172; x_wconf 85' lang='lat' dir='ltr'>exempla</span> <span class='ocrx_word' id='word_1_167' title='bbox 660 2085 801 2171; x_wconf 79' lang='lat' dir='ltr'>conlugit</span> <span class='ocrx_word' id='word_1_168' title='bbox 823 2096 858 2152; x_wconf 84' lang='lat' dir='ltr'>et</span> <span class='ocrx_word' id='word_1_169' title='bbox 880 2087 920 2150; x_wconf 84' lang='lat' dir='ltr'>ub</span> <span class='ocrx_word' id='word_1_170' title='bbox 943 2085 1083 2166; x_wconf 87' lang='lat' dir='ltr'>Ionibus,</span> <span class='ocrx_word' id='word_1_171' title='bbox 1104 2087 1258 2172; x_wconf 72' lang='lat' dir='ltr'>imprimis</span> <span class='ocrx_word' id='word_1_172' title='bbox 1280 2086 1321 2152; x_wconf 83' lang='lat' dir='ltr'>uh</span> <span class='ocrx_word' id='word_1_173' title='bbox 1345 2085 1512 2154; x_wconf 81' lang='lat' dir='ltr'>Herodoto</span> <span class='ocrx_word' id='word_1_174' title='bbox 1536 2121 1579 2188; x_wconf 44' lang='grc' dir='ltr'>ᾗ</span> <span class='ocrx_word' id='word_1_175' title='bbox 1601 2085 1665 2152; x_wconf 83' lang='lat' dir='ltr'>alia</span> <span class='ocrx_word' id='word_1_176' title='bbox 1692 2086 1851 2172; x_wconf 87' lang='lat' dir='ltr'>pedestris</span> <span class='ocrx_word' id='word_1_177' title='bbox 1879 2089 2030 2156; x_wconf 80' lang='lat' dir='ltr'>orationis</span> 
     </span>
     <span class='ocr_line' id='line_1_16' title="bbox 240 2191 2026 2281; baseline 0.001 -21"><span class='ocrx_word' id='word_1_178' title='bbox 240 2199 242 2204; x_wconf 82' lang='grc'>’</span> <span class='ocrx_word' id='word_1_179' title='bbox 316 2194 462 2281; x_wconf 84' lang='lat' dir='ltr'>exemplu</span> <span class='ocrx_word' id='word_1_180' title='bbox 485 2215 548 2260; x_wconf 92' lang='lat' dir='ltr'>non</span> <span class='ocrx_word' id='word_1_181' title='bbox 570 2201 662 2260; x_wconf 89' lang='lat' dir='ltr'>erant</span> <span class='ocrx_word' id='word_1_182' title='bbox 685 2228 728 2240; x_wconf 95' lang='lat'><em>-</em></span> <span class='ocrx_word' id='word_1_183' title='bbox 751 2191 901 2258; x_wconf 89' lang='lat' dir='ltr'>nonnulla</span> <span class='ocrx_word' id='word_1_184' title='bbox 924 2193 1108 2278; x_wconf 83' lang='lat' dir='ltr'>desumpsit.</span> <span class='ocrx_word' id='word_1_185' title='bbox 1154 2191 1312 2260; x_wconf 85' lang='lat' dir='ltr'>Herodoti</span> <span class='ocrx_word' id='word_1_186' title='bbox 1335 2201 1440 2260; x_wconf 85' lang='lat' dir='ltr'>autom</span> <span class='ocrx_word' id='word_1_187' title='bbox 1462 2213 1552 2279; x_wconf 86' lang='lat' dir='ltr'>opus,</span> <span class='ocrx_word' id='word_1_188' title='bbox 1577 2194 1665 2262; x_wconf 90' lang='lat' dir='ltr'>cuius</span> <span class='ocrx_word' id='word_1_189' title='bbox 1687 2195 1788 2280; x_wconf 89' lang='lat' dir='ltr'>prima</span> <span class='ocrx_word' id='word_1_190' title='bbox 1803 2215 1878 2280; x_wconf 79' lang='lat' dir='ltr'>pers</span> <span class='ocrx_word' id='word_1_191' title='bbox 1891 2197 2026 2262; x_wconf 83' lang='lat' dir='ltr'>Athenis</span> 
     </span>
     <span class='ocr_line' id='line_1_17' title="bbox 317 2299 1827 2386; baseline 0.002 -21"><span class='ocrx_word' id='word_1_192' title='bbox 317 2302 395 2386; x_wconf 85' lang='lat' dir='ltr'>ipsis</span> <span class='ocrx_word' id='word_1_193' title='bbox 419 2301 582 2367; x_wconf 82' lang='lat' dir='ltr'>eleborata</span> <span class='ocrx_word' id='word_1_194' title='bbox 604 2319 676 2366; x_wconf 86' lang='lat' dir='ltr'>esse</span> <span class='ocrx_word' id='word_1_195' title='bbox 697 2299 834 2380; x_wconf 84' lang='lat' dir='ltr'>videtur,</span> <span class='ocrx_word' id='word_1_196' title='bbox 858 2299 915 2365; x_wconf 82' lang='lat' dir='ltr'>illa</span> <span class='ocrx_word' id='word_1_197' title='bbox 937 2307 1043 2365; x_wconf 84' lang='lat' dir='ltr'>aetate</span> <span class='ocrx_word' id='word_1_198' title='bbox 1066 2299 1315 2366; x_wconf 82' lang='lat' dir='ltr'>Atheniensibus</span> <span class='ocrx_word' id='word_1_199' title='bbox 1339 2307 1446 2366; x_wconf 91' lang='lat' dir='ltr'>uotum</span> <span class='ocrx_word' id='word_1_200' title='bbox 1468 2299 1565 2368; x_wconf 85' lang='lat' dir='ltr'>inisse</span> <span class='ocrx_word' id='word_1_201' title='bbox 1590 2300 1668 2368; x_wconf 82' lang='lat' dir='ltr'>satis</span> <span class='ocrx_word' id='word_1_202' title='bbox 1692 2313 1827 2368; x_wconf 81' lang='lat' dir='ltr'>constet.</span> 
     </span>
    </p>
   </div>
   <div class='ocr_carea' id='block_1_3' title="bbox 477 2423 1886 2512">
    <p class='ocr_par' dir='ltr' id='par_1_3' title="bbox 477 2423 1886 2512">
     <span class='ocr_line' id='line_1_18' title="bbox 477 2423 1886 2512; baseline 0.002 -21"><span class='ocrx_word' id='word_1_203' title='bbox 477 2424 542 2492; x_wconf 86' lang='lat' dir='ltr'>Sed</span> <span class='ocrx_word' id='word_1_204' title='bbox 564 2425 670 2506; x_wconf 85' lang='lat' dir='ltr'>multa,</span> <span class='ocrx_word' id='word_1_205' title='bbox 695 2445 776 2509; x_wconf 78' lang='lat' dir='ltr'>quae</span> <span class='ocrx_word' id='word_1_206' title='bbox 798 2425 839 2490; x_wconf 84' lang='lat' dir='ltr'>ab</span> <span class='ocrx_word' id='word_1_207' title='bbox 862 2423 1082 2491; x_wconf 82' lang='lat' dir='ltr'>Herwerdeno</span> <span class='ocrx_word' id='word_1_208' title='bbox 1104 2424 1229 2510; x_wconf 81' lang='lat' dir='ltr'>prolata</span> <span class='ocrx_word' id='word_1_209' title='bbox 1250 2433 1333 2507; x_wconf 89' lang='lat' dir='ltr'>suut,</span> <span class='ocrx_word' id='word_1_210' title='bbox 1356 2425 1453 2492; x_wconf 77' lang='lat' dir='ltr'>edum</span> <span class='ocrx_word' id='word_1_211' title='bbox 1474 2425 1569 2492; x_wconf 79' lang='lat' dir='ltr'>aliter</span> <span class='ocrx_word' id='word_1_212' title='bbox 1589 2425 1721 2496; x_wconf 78' lang='lat' dir='ltr'>refutari</span> <span class='ocrx_word' id='word_1_213' title='bbox 1743 2435 1886 2512; x_wconf 87' lang='lat' dir='ltr'>possunt.</span> 
     </span>
    </p>
   </div>
   <div class='ocr_carea' id='block_1_4' title="bbox 319 2547 2030 2850">
    <p class='ocr_par' dir='ltr' id='par_1_4' title="bbox 319 2547 2030 2850">
     <span class='ocr_line' id='line_1_19' title="bbox 476 2547 2030 2635; baseline 0.001 -21"><span class='ocrx_word' id='word_1_214' title='bbox 476 2549 549 2616; x_wconf 86' lang='lat' dir='ltr'>Nun</span> <span class='ocrx_word' id='word_1_215' title='bbox 572 2550 656 2614; x_wconf 92' lang='lat' dir='ltr'>enim</span> <span class='ocrx_word' id='word_1_216' title='bbox 677 2569 786 2615; x_wconf 87' lang='lat' dir='ltr'>verum</span> <span class='ocrx_word' id='word_1_217' title='bbox 809 2556 860 2614; x_wconf 89' lang='lat' dir='ltr'>est</span> <span class='ocrx_word' id='word_1_218' title='bbox 880 2547 938 2614; x_wconf 81' lang='lat' dir='ltr'>illa</span> <span class='ocrx_word' id='word_1_219' title='bbox 958 2549 1113 2616; x_wconf 80' lang='lat' dir='ltr'>vocabula</span> <span class='ocrx_word' id='word_1_220' title='bbox 1136 2571 1199 2614; x_wconf 93' lang='lat' dir='ltr'>non</span> <span class='ocrx_word' id='word_1_221' title='bbox 1220 2549 1355 2615; x_wconf 78' lang='lat' dir='ltr'>inueniri</span> <span class='ocrx_word' id='word_1_222' title='bbox 1368 2549 1430 2615; x_wconf 88' lang='lat' dir='ltr'>nisi</span> <span class='ocrx_word' id='word_1_223' title='bbox 1446 2549 1530 2635; x_wconf 80' lang='lat' dir='ltr'>apud</span> <span class='ocrx_word' id='word_1_224' title='bbox 1545 2547 1754 2616; x_wconf 86' lang='lat' dir='ltr'>Herodotum.</span> <span class='ocrx_word' id='word_1_225' title='bbox 1789 2548 2030 2618; x_wconf 78' lang='grc' dir='ltr'><strong><em>Καταδοκεάειν</em></strong></span> 
     </span>
     <span class='ocr_line' id='line_1_20' title="bbox 319 2652 2028 2744; baseline 0 -22"><span class='ocrx_word' id='word_1_226' title='bbox 319 2676 376 2742; x_wconf 95' lang='lat' dir='ltr'>pro</span> <span class='ocrx_word' id='word_1_227' title='bbox 399 2652 596 2722; x_wconf 82' lang='grc' dir='ltr'><strong><em>δποπτεάειν</em></strong></span> <span class='ocrx_word' id='word_1_228' title='bbox 617 2664 747 2742; x_wconf 85' lang='lat' dir='ltr'>praeter</span> <span class='ocrx_word' id='word_1_229' title='bbox 761 2653 959 2723; x_wconf 88' lang='lat' dir='ltr'>Herodotum</span> <span class='ocrx_word' id='word_1_230' title='bbox 981 2655 1077 2721; x_wconf 86' lang='lat' dir='ltr'>etium</span> <span class='ocrx_word' id='word_1_231' title='bbox 1091 2656 1261 2742; x_wconf 84' lang='lat' dir='ltr'>Dionysius</span> <span class='ocrx_word' id='word_1_232' title='bbox 1276 2654 1351 2722; x_wconf 80' lang='lat' dir='ltr'>Hal.</span> <span class='ocrx_word' id='word_1_233' title='bbox 1367 2655 1540 2742; x_wconf 69' lang='lat' dir='ltr'>usurparit,</span> <span class='ocrx_word' id='word_1_234' title='bbox 1563 2675 1657 2740; x_wconf 88' lang='lat' dir='ltr'>quem</span> <span class='ocrx_word' id='word_1_235' title='bbox 1672 2655 1770 2723; x_wconf 86' lang='lat' dir='ltr'>multe</span> <span class='ocrx_word' id='word_1_236' title='bbox 1784 2677 1826 2723; x_wconf 87' lang='lat' dir='ltr'>ex</span> <span class='ocrx_word' id='word_1_237' title='bbox 1838 2655 2028 2744; x_wconf 80' lang='lat' dir='ltr'>Thucydide</span> 
     </span>
     <span class='ocr_line' id='line_1_21' title="bbox 319 2762 966 2850; baseline 0 -22"><span class='ocrx_word' id='word_1_238' title='bbox 319 2771 352 2828; x_wconf 89' lang='lat' dir='ltr'>et</span> <span class='ocrx_word' id='word_1_239' title='bbox 373 2762 570 2849; x_wconf 78' lang='lat' dir='ltr'>Antiphonte</span> <span class='ocrx_word' id='word_1_240' title='bbox 594 2762 806 2850; x_wconf 85' lang='lat' dir='ltr'>desumpsisse</span> <span class='ocrx_word' id='word_1_241' title='bbox 830 2772 966 2830; x_wconf 82' lang='lat' dir='ltr'>constat.</span> 
     </span>
    </p>
   </div>
   <div class='ocr_carea' id='block_1_5' title="bbox 317 2883 2030 3314">
    <p class='ocr_par' dir='ltr' id='par_1_5' title="bbox 319 2883 2028 3080">
     <span class='ocr_line' id='line_1_22' title="bbox 473 2883 2028 2974; baseline 0.003 -24"><span class='ocrx_word' id='word_1_242' title='bbox 473 2883 726 2971; x_wconf 81' lang='grc' dir='ltr'><strong><em>Ἀναγιγνάακειν</em></strong></span> <span class='ocrx_word' id='word_1_243' title='bbox 761 2887 855 2974; x_wconf 64' lang='lat' dir='ltr'>(iti)</span> <span class='ocrx_word' id='word_1_244' title='bbox 889 2889 947 2953; x_wconf 90' lang='lat' dir='ltr'>snb</span> <span class='ocrx_word' id='word_1_245' title='bbox 982 2886 1110 2953; x_wconf 89' lang='lat' dir='ltr'>notione</span> <span class='ocrx_word' id='word_1_246' title='bbox 1143 2887 1231 2952; x_wconf 88' lang='lat' dir='ltr'>verbi</span> <span class='ocrx_word' id='word_1_247' title='bbox 1254 2885 1387 2951; x_wconf 75' lang='grc' dir='ltr'><strong><em>πείθειν</em></strong></span> <span class='ocrx_word' id='word_1_248' title='bbox 1409 2907 1472 2953; x_wconf 90' lang='lat' dir='ltr'>non</span> <span class='ocrx_word' id='word_1_249' title='bbox 1495 2887 1595 2953; x_wconf 91' lang='lat' dir='ltr'>solum</span> <span class='ocrx_word' id='word_1_250' title='bbox 1618 2887 1702 2974; x_wconf 85' lang='lat' dir='ltr'>apud</span> <span class='ocrx_word' id='word_1_251' title='bbox 1724 2887 1933 2970; x_wconf 85' lang='lat' dir='ltr'>Herodotum,</span> <span class='ocrx_word' id='word_1_252' title='bbox 1970 2890 2028 2955; x_wconf 87' lang='lat' dir='ltr'>sed</span> 
     </span>
     <span class='ocr_line' id='line_1_23' title="bbox 319 2993 807 3080; baseline 0.002 -20"><span class='ocrx_word' id='word_1_253' title='bbox 319 2995 412 3062; x_wconf 89' lang='lat' dir='ltr'>etiam</span> <span class='ocrx_word' id='word_1_254' title='bbox 435 2995 520 3080; x_wconf 81' lang='lat' dir='ltr'>apud</span> <span class='ocrx_word' id='word_1_255' title='bbox 543 2993 667 3060; x_wconf 84' lang='lat' dir='ltr'>Isaeum</span> <span class='ocrx_word' id='word_1_256' title='bbox 690 3003 807 3061; x_wconf 84' lang='lat' dir='ltr'>exstet.</span> 
     </span>
    </p>

    <p class='ocr_par' dir='ltr' id='par_1_6' title="bbox 317 3117 2030 3314">
     <span class='ocr_line' id='line_1_24' title="bbox 478 3117 2029 3207; baseline 0.004 -25"><span class='ocrx_word' id='word_1_257' title='bbox 478 3118 665 3204; x_wconf 84' lang='grc' dir='ltr'><strong><em>Πειρᾶσθαι</em></strong></span> <span class='ocrx_word' id='word_1_258' title='bbox 699 3139 768 3186; x_wconf 90' lang='lat' dir='ltr'>cum</span> <span class='ocrx_word' id='word_1_259' title='bbox 802 3119 971 3206; x_wconf 80' lang='lat' dir='ltr'>participio</span> <span class='ocrx_word' id='word_1_260' title='bbox 1006 3118 1215 3201; x_wconf 83' lang='lat' dir='ltr'>coniunctum,</span> <span class='ocrx_word' id='word_1_261' title='bbox 1250 3119 1312 3184; x_wconf 88' lang='lat' dir='ltr'>etsi</span> <span class='ocrx_word' id='word_1_262' title='bbox 1340 3117 1475 3206; x_wconf 88' lang='lat' dir='ltr'>plurima</span> <span class='ocrx_word' id='word_1_263' title='bbox 1501 3119 1592 3186; x_wconf 86' lang='lat' dir='ltr'>huius</span> <span class='ocrx_word' id='word_1_264' title='bbox 1616 3119 1858 3187; x_wconf 86' lang='lat' dir='ltr'>constructionis</span> <span class='ocrx_word' id='word_1_265' title='bbox 1882 3119 2029 3207; x_wconf 85' lang='lat' dir='ltr'>exempla</span> 
     </span>
     <span class='ocr_line' id='line_1_25' title="bbox 317 3223 2030 3314; baseline 0 -22"><span class='ocrx_word' id='word_1_266' title='bbox 317 3226 401 3314; x_wconf 87' lang='lat' dir='ltr'>apud</span> <span class='ocrx_word' id='word_1_267' title='bbox 424 3223 622 3292; x_wconf 87' lang='lat' dir='ltr'>Herodotum</span> <span class='ocrx_word' id='word_1_268' title='bbox 644 3226 802 3312; x_wconf 83' lang='lat' dir='ltr'>leguntur,</span> <span class='ocrx_word' id='word_1_269' title='bbox 825 3235 930 3292; x_wconf 87' lang='lat' dir='ltr'>tamen</span> <span class='ocrx_word' id='word_1_270' title='bbox 954 3227 1048 3292; x_wconf 82' lang='lat' dir='ltr'>etiam</span> <span class='ocrx_word' id='word_1_271' title='bbox 1070 3225 1155 3312; x_wconf 86' lang='lat' dir='ltr'>apud</span> <span class='ocrx_word' id='word_1_272' title='bbox 1178 3226 1304 3292; x_wconf 82' lang='lat' dir='ltr'>Atticos</span> <span class='ocrx_word' id='word_1_273' title='bbox 1327 3226 1453 3313; x_wconf 89' lang='lat' dir='ltr'>saepius</span> <span class='ocrx_word' id='word_1_274' title='bbox 1474 3227 1646 3314; x_wconf 88' lang='lat' dir='ltr'>reperitur:</span> <span class='ocrx_word' id='word_1_275' title='bbox 1669 3225 1754 3292; x_wconf 81' lang='lat' dir='ltr'>Flet.</span> <span class='ocrx_word' id='word_1_276' title='bbox 1777 3225 1912 3293; x_wconf 75' lang='lat' dir='ltr'>Theaet.</span> <span class='ocrx_word' id='word_1_277' title='bbox 1936 3227 2030 3293; x_wconf 82' lang='grc' dir='ltr'>19οΕ</span> 
     </span>
    </p>
   </div>
   <div class='ocr_carea' id='block_1_6' title="bbox 317 3325 2028 3520">
    <p class='ocr_par' dir='ltr' id='par_1_7' title="bbox 317 3325 2028 3520">
     <span class='ocr_line' id='line_1_26' title="bbox 318 3325 2028 3420; baseline 0 -22"><span class='ocrx_word' id='word_1_278' title='bbox 318 3327 377 3398; x_wconf 76' lang='grc' dir='ltr'><strong><em>οὐκ</em></strong></span> <span class='ocrx_word' id='word_1_279' title='bbox 422 3328 485 3418; x_wconf 69' lang='lat' dir='ltr'>ipsi</span> <span class='ocrx_word' id='word_1_280' title='bbox 530 3348 581 3396; x_wconf 89' lang='grc' dir='ltr'>σοι</span> <span class='ocrx_word' id='word_1_281' title='bbox 625 3330 704 3415; x_wconf 88' lang='grc' dir='ltr'><strong><em>πρὶν</em></strong></span> <span class='ocrx_word' id='word_1_282' title='bbox 750 3325 788 3398; x_wconf 78' lang='grc' dir='ltr'>ἂν</span> <span class='ocrx_word' id='word_1_283' title='bbox 825 3333 977 3420; x_wconf 76' lang='grc' dir='ltr'><strong><em>πανταχῇ</em></strong></span> <span class='ocrx_word' id='word_1_284' title='bbox 1014 3332 1166 3417; x_wconf 78' lang='grc' dir='ltr'><strong><em>πειραθῶ</em></strong></span> <span class='ocrx_word' id='word_1_285' title='bbox 1201 3333 1343 3398; x_wconf 76' lang='grc' dir='ltr'><strong><em>σκοπῶν.</em></strong></span> <span class='ocrx_word' id='word_1_286' title='bbox 1404 3331 1487 3399; x_wconf 87' lang='lat' dir='ltr'>Phil.</span> <span class='ocrx_word' id='word_1_287' title='bbox 1526 3335 1580 3400; x_wconf 78' lang='lat'>21.</span> <span class='ocrx_word' id='word_1_288' title='bbox 1612 3337 1638 3396; x_wconf 77' lang='lat' dir='ltr'><em>A</em></span> <span class='ocrx_word' id='word_1_289' title='bbox 1668 3327 1705 3398; x_wconf 73' lang='grc' dir='ltr'>ἐν</span> <span class='ocrx_word' id='word_1_290' title='bbox 1741 3333 1794 3399; x_wconf 87' lang='grc' dir='ltr'><strong><em>σοὶ</em></strong></span> <span class='ocrx_word' id='word_1_291' title='bbox 1833 3329 2028 3417; x_wconf 70' lang='grc' dir='ltr'><strong><em>πειρώμεθα</em></strong></span> 
     </span>
     <span class='ocr_line' id='line_1_27' title="bbox 317 3439 675 3520; baseline -0.003 -17"><span class='ocrx_word' id='word_1_292' title='bbox 317 3439 544 3520; x_wconf 77' lang='grc' dir='ltr'><strong><em>βασανίζοντες</em></strong></span> <span class='ocrx_word' id='word_1_293' title='bbox 565 3440 675 3503; x_wconf 83' lang='grc' dir='ltr'><strong><em>ταῦτα.</em></strong></span> 
     </span>
    </p>
   </div>
   <div class='ocr_carea' id='block_1_7' title="bbox 316 3559 2027 4180">
    <p class='ocr_par' dir='ltr' id='par_1_8' title="bbox 316 3559 2027 4180">
     <span class='ocr_line' id='line_1_28' title="bbox 475 3559 2025 3651; baseline 0.001 -23"><span class='ocrx_word' id='word_1_294' title='bbox 475 3561 682 3651; x_wconf 83' lang='lat' dir='ltr'>Perticipium</span> <span class='ocrx_word' id='word_1_295' title='bbox 703 3564 794 3630; x_wconf 82' lang='lat' dir='ltr'>verbi</span> <span class='ocrx_word' id='word_1_296' title='bbox 816 3559 953 3649; x_wconf 76' lang='grc' dir='ltr'><strong><em>ἔρχομαι</em></strong></span> <span class='ocrx_word' id='word_1_297' title='bbox 974 3563 1059 3650; x_wconf 83' lang='lat' dir='ltr'>apud</span> <span class='ocrx_word' id='word_1_298' title='bbox 1075 3561 1246 3629; x_wconf 86' lang='lat' dir='ltr'>Homerum</span> <span class='ocrx_word' id='word_1_299' title='bbox 1269 3572 1302 3629; x_wconf 87' lang='lat' dir='ltr'>et</span> <span class='ocrx_word' id='word_1_300' title='bbox 1324 3563 1409 3650; x_wconf 86' lang='lat' dir='ltr'>apud</span> <span class='ocrx_word' id='word_1_301' title='bbox 1431 3573 1544 3651; x_wconf 79' lang='lat' dir='ltr'>poetas</span> <span class='ocrx_word' id='word_1_302' title='bbox 1558 3563 1685 3632; x_wconf 80' lang='lat' dir='ltr'>Atticos</span> <span class='ocrx_word' id='word_1_303' title='bbox 1706 3565 1881 3632; x_wconf 87' lang='lat' dir='ltr'>sescenties</span> <span class='ocrx_word' id='word_1_304' title='bbox 1896 3559 2025 3650; x_wconf 86' lang='lat' dir='ltr'>legitur.</span> 
     </span>
     <span class='ocr_line' id='line_1_29' title="bbox 317 3667 2026 3760; baseline 0.003 -26"><span class='ocrx_word' id='word_1_305' title='bbox 317 3667 418 3734; x_wconf 76' lang='lat' dir='ltr'>Etiam</span> <span class='ocrx_word' id='word_1_306' title='bbox 451 3671 485 3736; x_wconf 91' lang='lat' dir='ltr'>in</span> <span class='ocrx_word' id='word_1_307' title='bbox 519 3671 661 3756; x_wconf 82' lang='lat' dir='ltr'>pedestri</span> <span class='ocrx_word' id='word_1_308' title='bbox 694 3672 837 3738; x_wconf 86' lang='lat' dir='ltr'>oratione</span> <span class='ocrx_word' id='word_1_309' title='bbox 871 3671 1043 3756; x_wconf 80' lang='lat' dir='ltr'>scriptores</span> <span class='ocrx_word' id='word_1_310' title='bbox 1065 3671 1166 3738; x_wconf 78' lang='lat' dir='ltr'>Attici</span> <span class='ocrx_word' id='word_1_311' title='bbox 1200 3669 1253 3736; x_wconf 92' lang='lat' dir='ltr'>hic</span> <span class='ocrx_word' id='word_1_312' title='bbox 1285 3669 1352 3737; x_wconf 89' lang='lat' dir='ltr'>illic</span> <span class='ocrx_word' id='word_1_313' title='bbox 1375 3691 1415 3738; x_wconf 83' lang='lat' dir='ltr'>eu</span> <span class='ocrx_word' id='word_1_314' title='bbox 1435 3669 1534 3738; x_wconf 77' lang='lat' dir='ltr'>ior-ma</span> <span class='ocrx_word' id='word_1_315' title='bbox 1556 3673 1604 3738; x_wconf 90' lang='lat' dir='ltr'>usi</span> <span class='ocrx_word' id='word_1_316' title='bbox 1627 3680 1714 3738; x_wconf 89' lang='lat' dir='ltr'>sunt:</span> <span class='ocrx_word' id='word_1_317' title='bbox 1754 3669 1868 3760; x_wconf 87' lang='lat' dir='ltr'>(Xen.)</span> <span class='ocrx_word' id='word_1_318' title='bbox 1893 3671 1934 3738; x_wconf 90' lang='lat' dir='ltr'>de</span> <span class='ocrx_word' id='word_1_319' title='bbox 1956 3693 2026 3759; x_wconf 88' lang='lat' dir='ltr'>rep.</span> 
     </span>
     <span class='ocr_line' id='line_1_30' title="bbox 316 3769 2027 3866; baseline 0.004 -26"><span class='ocrx_word' id='word_1_320' title='bbox 316 3776 432 3843; x_wconf 83' lang='lat' dir='ltr'>Athen.</span> <span class='ocrx_word' id='word_1_321' title='bbox 454 3775 489 3842; x_wconf 89' lang='lat' dir='ltr'>ll.</span> <span class='ocrx_word' id='word_1_322' title='bbox 515 3779 567 3844; x_wconf 85' lang='lat'>14.</span> <span class='ocrx_word' id='word_1_323' title='bbox 590 3779 650 3843; x_wconf 84' lang='grc' dir='ltr'>νῦν</span> <span class='ocrx_word' id='word_1_324' title='bbox 673 3825 680 3841; x_wconf 94' lang='grc'><strong>.</strong></span> <span class='ocrx_word' id='word_1_325' title='bbox 705 3825 714 3842; x_wconf 95' lang='grc'><strong>.</strong></span> <span class='ocrx_word' id='word_1_326' title='bbox 738 3827 746 3842; x_wconf 94' lang='grc'><strong>.</strong></span> <span class='ocrx_word' id='word_1_327' title='bbox 769 3777 803 3844; x_wconf 81' lang='grc' dir='ltr'><strong><em>οἱ</em></strong></span> <span class='ocrx_word' id='word_1_328' title='bbox 823 3779 1037 3864; x_wconf 79' lang='grc' dir='ltr'><strong><em>γεωργοῦντες</em></strong></span> <span class='ocrx_word' id='word_1_329' title='bbox 1060 3773 1114 3841; x_wconf 83' lang='grc' dir='ltr'><strong><em>καὶ</em></strong></span> <span class='ocrx_word' id='word_1_330' title='bbox 1137 3775 1169 3841; x_wconf 81' lang='lat' dir='ltr'>ot</span> <span class='ocrx_word' id='word_1_331' title='bbox 1183 3771 1337 3846; x_wconf 74' lang='grc' dir='ltr'><strong><em>πλούσιοι</em></strong></span> <span class='ocrx_word' id='word_1_332' title='bbox 1352 3769 1530 3866; x_wconf 68' lang='grc' dir='ltr'><strong><em>Ἀθηναίων</em></strong></span> <span class='ocrx_word' id='word_1_333' title='bbox 1545 3775 1741 3864; x_wconf 82' lang='grc' dir='ltr'><strong><em>άπέργοντοι</em></strong></span> <span class='ocrx_word' id='word_1_334' title='bbox 1755 3773 1830 3851; x_wconf 74' lang='lat' dir='ltr'>roric</span> <span class='ocrx_word' id='word_1_335' title='bbox 1845 3777 2027 3862; x_wconf 77' lang='grc' dir='ltr'><strong><em>πολεμίους</em></strong></span> 
     </span>
     <span class='ocr_line' id='line_1_31' title="bbox 316 3867 2027 3974; baseline 0.002 -26"><span class='ocrx_word' id='word_1_336' title='bbox 316 3879 452 3963; x_wconf 83' lang='grc' dir='ltr'><strong><em>μᾶλλον,</em></strong></span> <span class='ocrx_word' id='word_1_337' title='bbox 486 3877 564 3948; x_wconf 67' lang='lat' dir='ltr'>tet</span> <span class='ocrx_word' id='word_1_338' title='bbox 587 3883 697 3972; x_wconf 80' lang='grc' dir='ltr'><strong><em>δῆμος,</em></strong></span> <span class='ocrx_word' id='word_1_339' title='bbox 720 3877 777 3953; x_wconf 72' lang='lat' dir='ltr'>cire</span> <span class='ocrx_word' id='word_1_340' title='bbox 798 3867 840 3952; x_wconf 79' lang='grc' dir='ltr'>εά</span> <span class='ocrx_word' id='word_1_341' title='bbox 861 3879 955 3959; x_wconf 80' lang='grc' dir='ltr'><strong><em>ελδάς</em></strong></span> <span class='ocrx_word' id='word_1_342' title='bbox 978 3878 1025 3950; x_wconf 83' lang='grc' dir='ltr'>ὅτι</span> <span class='ocrx_word' id='word_1_343' title='bbox 1048 3879 1144 3951; x_wconf 73' lang='grc' dir='ltr'><strong><em>οὐδὲν</em></strong></span> <span class='ocrx_word' id='word_1_344' title='bbox 1174 3877 1238 3950; x_wconf 72' lang='grc' dir='ltr'>τῶν</span> <span class='ocrx_word' id='word_1_345' title='bbox 1270 3885 1362 3968; x_wconf 76' lang='grc' dir='ltr'><strong><em>σφῶν</em></strong></span> <span class='ocrx_word' id='word_1_346' title='bbox 1393 3877 1614 3974; x_wconf 71' lang='grc' dir='ltr'><strong><em>ἐμπρήσουσιν</em></strong></span> <span class='ocrx_word' id='word_1_347' title='bbox 1636 3873 1716 3950; x_wconf 78' lang='grc' dir='ltr'><strong><em>τάδε’</em></strong></span> <span class='ocrx_word' id='word_1_348' title='bbox 1737 3885 1899 3968; x_wconf 81' lang='grc' dir='ltr'><strong><em>τεμοῦσιν,</em></strong></span> <span class='ocrx_word' id='word_1_349' title='bbox 1924 3877 2027 3959; x_wconf 81' lang='grc' dir='ltr'><strong><em>άδεάς</em></strong></span> 
     </span>
     <span class='ocr_line' id='line_1_32' title="bbox 317 3981 2026 4078; baseline 0.004 -28"><span class='ocrx_word' id='word_1_350' title='bbox 317 3987 356 4078; x_wconf 80' lang='grc' dir='ltr'>ζῇ</span> <span class='ocrx_word' id='word_1_351' title='bbox 386 3987 442 4053; x_wconf 82' lang='grc' dir='ltr'><strong><em>καὶ</em></strong></span> <span class='ocrx_word' id='word_1_352' title='bbox 474 3981 537 4072; x_wconf 79' lang='grc' dir='ltr'><strong><em>οάγ</em></strong></span> <span class='ocrx_word' id='word_1_353' title='bbox 568 3986 793 4075; x_wconf 71' lang='grc' dir='ltr'><strong><em>ὑπερχόμενος</em></strong></span> <span class='ocrx_word' id='word_1_354' title='bbox 823 3985 951 4065; x_wconf 83' lang='grc' dir='ltr'><strong><em>αάτοάς.</em></strong></span> <span class='ocrx_word' id='word_1_355' title='bbox 1006 3989 1089 4056; x_wconf 86' lang='lat' dir='ltr'>Plat.</span> <span class='ocrx_word' id='word_1_356' title='bbox 1113 3989 1198 4056; x_wconf 84' lang='lat' dir='ltr'>Krit.</span> <span class='ocrx_word' id='word_1_357' title='bbox 1222 3990 1276 4058; x_wconf 79' lang='lat'>53.</span> <span class='ocrx_word' id='word_1_358' title='bbox 1300 3989 1338 4056; x_wconf 80' lang='grc' dir='ltr'>Ε.</span> <span class='ocrx_word' id='word_1_359' title='bbox 1372 3985 1593 4076; x_wconf 81' lang='grc' dir='ltr'><strong><em>δπερχόμινος</em></strong></span> <span class='ocrx_word' id='word_1_360' title='bbox 1625 4038 1732 4056; x_wconf 94' lang='grc'><strong>....</strong></span> <span class='ocrx_word' id='word_1_361' title='bbox 1761 3985 1873 4075; x_wconf 84' lang='grc' dir='ltr'><strong><em>βιάσει</em></strong></span> <span class='ocrx_word' id='word_1_362' title='bbox 1902 3985 2026 4068; x_wconf 79' lang='grc' dir='ltr'><strong><em>πάντας</em></strong></span> 
     </span>
     <span class='ocr_line' id='line_1_33' title="bbox 317 4087 791 4180; baseline 0.008 -20"><span class='ocrx_word' id='word_1_363' title='bbox 317 4087 516 4180; x_wconf 81' lang='grc' dir='ltr'><strong><em>άνθράπονς</em></strong></span> <span class='ocrx_word' id='word_1_364' title='bbox 538 4093 595 4162; x_wconf 82' lang='grc' dir='ltr'><strong><em>καὶ</em></strong></span> <span class='ocrx_word' id='word_1_365' title='bbox 617 4093 791 4164; x_wconf 82' lang='grc' dir='ltr'><strong><em>δονλεάιον.</em></strong></span> 
     </span>
    </p>
   </div>
   <div class='ocr_carea' id='block_1_8' title="bbox 314 4217 2027 5166">
    <p class='ocr_par' dir='ltr' id='par_1_9' title="bbox 314 4217 2027 5166">
     <span class='ocr_line' id='line_1_34' title="bbox 475 4217 2026 4309; baseline 0.003 -23"><span class='ocrx_word' id='word_1_366' title='bbox 475 4218 566 4298; x_wconf 84' lang='lat' dir='ltr'>and</span> <span class='ocrx_word' id='word_1_367' title='bbox 615 4221 648 4288; x_wconf 93' lang='lat' dir='ltr'>in</span> <span class='ocrx_word' id='word_1_368' title='bbox 696 4221 873 4309; x_wconf 63' lang='lat' dir='ltr'>tetraloffl&#39;is</span> <span class='ocrx_word' id='word_1_369' title='bbox 922 4221 1051 4288; x_wconf 85' lang='lat' dir='ltr'>verbnm</span> <span class='ocrx_word' id='word_1_370' title='bbox 1107 4217 1365 4306; x_wconf 66' lang='grc' dir='ltr'><strong><em>καταλαμβάνειν</em></strong></span> <span class='ocrx_word' id='word_1_371' title='bbox 1416 4222 1475 4288; x_wconf 91' lang='lat' dir='ltr'>sub</span> <span class='ocrx_word' id='word_1_372' title='bbox 1529 4221 1658 4289; x_wconf 90' lang='lat' dir='ltr'>notione</span> <span class='ocrx_word' id='word_1_373' title='bbox 1714 4221 1944 4293; x_wconf 72' lang='lat' dir='ltr'>mndemnandi</span> <span class='ocrx_word' id='word_1_374' title='bbox 1992 4229 2026 4290; x_wconf 91' lang='lat' dir='ltr'>et</span> 
     </span>
     <span class='ocr_line' id='line_1_35' title="bbox 317 4323 2027 4416; baseline 0.002 -24"><span class='ocrx_word' id='word_1_375' title='bbox 317 4329 547 4414; x_wconf 76' lang='lat' dir='ltr'>comparativus</span> <span class='ocrx_word' id='word_1_376' title='bbox 568 4323 737 4412; x_wconf 82' lang='grc' dir='ltr'><strong><em>ελκάτερον</em></strong></span> <span class='ocrx_word' id='word_1_377' title='bbox 748 4329 905 4416; x_wconf 72' lang='lat' dir='ltr'>legimur,</span> <span class='ocrx_word' id='word_1_378' title='bbox 929 4330 990 4396; x_wconf 90' lang='lat' dir='ltr'>hoc</span> <span class='ocrx_word' id='word_1_379' title='bbox 1010 4337 1226 4415; x_wconf 79' lang='lat' dir='ltr'>urgrrmeutum</span> <span class='ocrx_word' id='word_1_380' title='bbox 1252 4327 1331 4394; x_wconf 90' lang='lat' dir='ltr'>nihil</span> <span class='ocrx_word' id='word_1_381' title='bbox 1352 4327 1492 4397; x_wconf 80' lang='lat' dir='ltr'>valetud</span> <span class='ocrx_word' id='word_1_382' title='bbox 1505 4329 1540 4396; x_wconf 92' lang='lat' dir='ltr'>id</span> <span class='ocrx_word' id='word_1_383' title='bbox 1555 4327 1831 4398; x_wconf 81' lang='lat' dir='ltr'>demonstrandum</span> <span class='ocrx_word' id='word_1_384' title='bbox 1846 4329 1932 4414; x_wconf 91' lang='lat' dir='ltr'>quod</span> <span class='ocrx_word' id='word_1_385' title='bbox 1945 4329 2027 4397; x_wconf 90' lang='lat' dir='ltr'>Her·</span> 
     </span>
     <span class='ocr_line' id='line_1_36' title="bbox 316 4434 2022 4525; baseline 0.004 -25"><span class='ocrx_word' id='word_1_386' title='bbox 316 4434 481 4501; x_wconf 76' lang='lat' dir='ltr'>werdsnus</span> <span class='ocrx_word' id='word_1_387' title='bbox 497 4435 565 4502; x_wconf 82' lang='lat' dir='ltr'>vult</span> <span class='ocrx_word' id='word_1_388' title='bbox 586 4437 773 4522; x_wconf 76' lang='lat' dir='ltr'>tetralogins</span> <span class='ocrx_word' id='word_1_389' title='bbox 794 4439 915 4506; x_wconf 86' lang='lat' dir='ltr'>recenti</span> <span class='ocrx_word' id='word_1_390' title='bbox 938 4445 1045 4504; x_wconf 78' lang='lat' dir='ltr'>astute</span> <span class='ocrx_word' id='word_1_391' title='bbox 1067 4435 1109 4502; x_wconf 82' lang='lat' dir='ltr'>ab</span> <span class='ocrx_word' id='word_1_392' title='bbox 1131 4435 1256 4504; x_wconf 90' lang='lat' dir='ltr'>homine</span> <span class='ocrx_word' id='word_1_393' title='bbox 1267 4435 1367 4504; x_wconf 80' lang='lat' dir='ltr'>Attici</span> <span class='ocrx_word' id='word_1_394' title='bbox 1379 4437 1531 4504; x_wconf 86' lang='lat' dir='ltr'>sermonis</span> <span class='ocrx_word' id='word_1_395' title='bbox 1546 4456 1610 4503; x_wconf 89' lang='lat' dir='ltr'>non</span> <span class='ocrx_word' id='word_1_396' title='bbox 1620 4435 1725 4524; x_wconf 82' lang='lat' dir='ltr'>petito</span> <span class='ocrx_word' id='word_1_397' title='bbox 1738 4457 1809 4506; x_wconf 88' lang='lat' dir='ltr'>esse</span> <span class='ocrx_word' id='word_1_398' title='bbox 1821 4437 2022 4525; x_wconf 84' lang='lat' dir='ltr'>compositas.</span> 
     </span>
     <span class='ocr_line' id='line_1_37' title="bbox 316 4537 2024 4634; baseline 0.002 -28"><span class='ocrx_word' id='word_1_399' title='bbox 316 4537 408 4608; x_wconf 81' lang='lat' dir='ltr'>Haeo</span> <span class='ocrx_word' id='word_1_400' title='bbox 423 4542 506 4608; x_wconf 91' lang='lat' dir='ltr'>enim</span> <span class='ocrx_word' id='word_1_401' title='bbox 530 4542 593 4609; x_wconf 91' lang='lat' dir='ltr'>duo</span> <span class='ocrx_word' id='word_1_402' title='bbox 614 4544 769 4610; x_wconf 85' lang='lat' dir='ltr'>vocabula</span> <span class='ocrx_word' id='word_1_403' title='bbox 779 4545 865 4632; x_wconf 83' lang='lat' dir='ltr'>apud</span> <span class='ocrx_word' id='word_1_404' title='bbox 892 4543 1012 4610; x_wconf 88' lang='lat' dir='ltr'>nullum</span> <span class='ocrx_word' id='word_1_405' title='bbox 1034 4543 1129 4608; x_wconf 86' lang='lat' dir='ltr'>alium</span> <span class='ocrx_word' id='word_1_406' title='bbox 1152 4543 1539 4632; x_wconf 81' lang='lat' dir='ltr'>scriptoremnequeente</span> <span class='ocrx_word' id='word_1_407' title='bbox 1550 4545 2024 4634; x_wconf 75' lang='lat' dir='ltr'>Antiphontis‘setatemuequc</span> 
     </span>
     <span class='ocr_line' id='line_1_38' title="bbox 315 4643 2025 4739; baseline 0 -23"><span class='ocrx_word' id='word_1_408' title='bbox 315 4657 388 4733; x_wconf 83' lang='lat' dir='ltr'>post</span> <span class='ocrx_word' id='word_1_409' title='bbox 409 4649 619 4734; x_wconf 86' lang='lat' dir='ltr'>reperiuntur.</span> <span class='ocrx_word' id='word_1_410' title='bbox 665 4649 712 4718; x_wconf 89' lang='lat' dir='ltr'>Ut</span> <span class='ocrx_word' id='word_1_411' title='bbox 738 4659 843 4718; x_wconf 79' lang='lat' dir='ltr'>nutem</span> <span class='ocrx_word' id='word_1_412' title='bbox 869 4652 958 4718; x_wconf 91' lang='lat' dir='ltr'>notio</span> <span class='ocrx_word' id='word_1_413' title='bbox 979 4649 1071 4716; x_wconf 83' lang='lat' dir='ltr'>verbi</span> <span class='ocrx_word' id='word_1_414' title='bbox 1094 4643 1253 4716; x_wconf 84' lang='grc' dir='ltr'><strong><em>δπολάειν</em></strong></span> <span class='ocrx_word' id='word_1_415' title='bbox 1275 4649 1442 4736; x_wconf 86' lang='lat' dir='ltr'>(liberare)</span> <span class='ocrx_word' id='word_1_416' title='bbox 1464 4649 1550 4739; x_wconf 78' lang='lat' dir='ltr'>apud</span> <span class='ocrx_word' id='word_1_417' title='bbox 1571 4659 1714 4720; x_wconf 81' lang='lat' dir='ltr'>oratores</span> <span class='ocrx_word' id='word_1_418' title='bbox 1737 4653 1865 4720; x_wconf 79' lang='lat' dir='ltr'>Atticos</span> <span class='ocrx_word' id='word_1_419' title='bbox 1888 4651 1970 4719; x_wconf 83' lang='lat' dir='ltr'>abiit</span> <span class='ocrx_word' id='word_1_420' title='bbox 1992 4651 2025 4716; x_wconf 89' lang='lat' dir='ltr'>in</span> 
     </span>
     <span class='ocr_line' id='line_1_39' title="bbox 316 4749 2024 4848; baseline 0.003 -27"><span class='ocrx_word' id='word_1_421' title='bbox 316 4755 475 4822; x_wconf 81' lang='lat' dir='ltr'>notionem</span> <span class='ocrx_word' id='word_1_422' title='bbox 508 4755 705 4841; x_wconf 77' lang='lat' dir='ltr'>absolvendi,</span> <span class='ocrx_word' id='word_1_423' title='bbox 739 4758 786 4824; x_wconf 86' lang='lat' dir='ltr'>ita</span> <span class='ocrx_word' id='word_1_424' title='bbox 818 4749 1079 4844; x_wconf 72' lang='grc' dir='ltr'><strong><em>καταλαμβάνειν</em></strong></span> <span class='ocrx_word' id='word_1_425' title='bbox 1111 4759 1251 4842; x_wconf 85' lang='lat' dir='ltr'>verbum,</span> <span class='ocrx_word' id='word_1_426' title='bbox 1286 4756 1370 4843; x_wconf 90' lang='lat' dir='ltr'>quod</span> <span class='ocrx_word' id='word_1_427' title='bbox 1403 4759 1592 4826; x_wconf 69' lang='lat' dir='ltr'>conculam</span> <span class='ocrx_word' id='word_1_428' title='bbox 1624 4759 1723 4826; x_wconf 79' lang='lat' dir='ltr'>habet</span> <span class='ocrx_word' id='word_1_429' title='bbox 1752 4759 2024 4848; x_wconf 78' lang='lat' dir='ltr'>significationem,</span> 
     </span>
     <span class='ocr_line' id='line_1_40' title="bbox 315 4852 2024 4954; baseline 0.002 -28"><span class='ocrx_word' id='word_1_430' title='bbox 315 4857 463 4928; x_wconf 77' lang='lat' dir='ltr'>heillime</span> <span class='ocrx_word' id='word_1_431' title='bbox 484 4856 658 4950; x_wconf 79' lang='lat' dir='ltr'>Antiphon,</span> <span class='ocrx_word' id='word_1_432' title='bbox 691 4865 878 4952; x_wconf 84' lang='lat' dir='ltr'>praesertim</span> <span class='ocrx_word' id='word_1_433' title='bbox 911 4883 981 4932; x_wconf 90' lang='lat' dir='ltr'>cnm</span> <span class='ocrx_word' id='word_1_434' title='bbox 1014 4863 1133 4954; x_wconf 91' lang='lat' dir='ltr'>primus</span> <span class='ocrx_word' id='word_1_435' title='bbox 1160 4852 1356 4932; x_wconf 77' lang='lat' dir='ltr'>orationibus</span> <span class='ocrx_word' id='word_1_436' title='bbox 1377 4865 1554 4934; x_wconf 88' lang='lat' dir='ltr'>scribendis</span> <span class='ocrx_word' id='word_1_437' title='bbox 1577 4885 1704 4952; x_wconf 80' lang='lat' dir='ltr'>operam</span> <span class='ocrx_word' id='word_1_438' title='bbox 1733 4875 1875 4950; x_wconf 70' lang='lat' dir='ltr'>navaret,</span> <span class='ocrx_word' id='word_1_439' title='bbox 1912 4865 2024 4934; x_wconf 89' lang='lat' dir='ltr'>eodem</span> 
     </span>
     <span class='ocr_line' id='line_1_41' title="bbox 314 4966 2023 5060; baseline 0.002 -25"><span class='ocrx_word' id='word_1_440' title='bbox 314 4987 408 5036; x_wconf 88' lang='lat' dir='ltr'>sensu</span> <span class='ocrx_word' id='word_1_441' title='bbox 431 4989 493 5054; x_wconf 88' lang='lat' dir='ltr'>quc</span> <span class='ocrx_word' id='word_1_442' title='bbox 514 4969 708 5057; x_wconf 87' lang='lat' dir='ltr'>posteriores</span> <span class='ocrx_word' id='word_1_443' title='bbox 734 4969 967 5056; x_wconf 72' lang='grc' dir='ltr'><strong><em>καταδικάζειν,</em></strong></span> <span class='ocrx_word' id='word_1_444' title='bbox 997 4966 1265 5052; x_wconf 79' lang='grc' dir='ltr'><strong><em>καταγιγνάσκειν</em></strong></span> <span class='ocrx_word' id='word_1_445' title='bbox 1290 4971 1390 5038; x_wconf 84' lang='lat' dir='ltr'>verhe</span> <span class='ocrx_word' id='word_1_446' title='bbox 1411 4991 1563 5060; x_wconf 79' lang='lat' dir='ltr'>usurpare</span> <span class='ocrx_word' id='word_1_447' title='bbox 1584 4973 1698 5060; x_wconf 82' lang='lat' dir='ltr'>potnit</span> <span class='ocrx_word' id='word_1_448' title='bbox 1759 4971 1795 5040; x_wconf 88' lang='lat' dir='ltr'>Si</span> <span class='ocrx_word' id='word_1_449' title='bbox 1822 4968 1876 5040; x_wconf 76' lang='lat' dir='ltr'>alii</span> <span class='ocrx_word' id='word_1_450' title='bbox 1899 4971 2023 5040; x_wconf 82' lang='lat' dir='ltr'>cuidem</span> 
     </span>
     <span class='ocr_line' id='line_1_42' title="bbox 315 5065 2025 5166; baseline 0.002 -24"><span class='ocrx_word' id='word_1_451' title='bbox 315 5076 430 5162; x_wconf 79' lang='lat' dir='ltr'>ignoto</span> <span class='ocrx_word' id='word_1_452' title='bbox 447 5077 574 5160; x_wconf 88' lang='lat' dir='ltr'>homiui,</span> <span class='ocrx_word' id='word_1_453' title='bbox 597 5099 617 5144; x_wconf 86' lang='lat' dir='ltr'>a</span> <span class='ocrx_word' id='word_1_454' title='bbox 639 5097 701 5162; x_wconf 88' lang='lat' dir='ltr'>qno</span> <span class='ocrx_word' id='word_1_455' title='bbox 724 5073 959 5146; x_wconf 77' lang='lat' dir='ltr'>Herwerdenus</span> <span class='ocrx_word' id='word_1_456' title='bbox 980 5077 1166 5164; x_wconf 78' lang='lat' dir='ltr'>teuslogius</span> <span class='ocrx_word' id='word_1_457' title='bbox 1181 5079 1318 5165; x_wconf 81' lang='lat' dir='ltr'>scriptas</span> <span class='ocrx_word' id='word_1_458' title='bbox 1333 5098 1405 5146; x_wconf 86' lang='lat' dir='ltr'>esse</span> <span class='ocrx_word' id='word_1_459' title='bbox 1420 5079 1482 5146; x_wconf 87' lang='lat' dir='ltr'>sibi</span> <span class='ocrx_word' id='word_1_460' title='bbox 1495 5065 1662 5166; x_wconf 79' lang='lat' dir='ltr'>persuasit,</span> <span class='ocrx_word' id='word_1_461' title='bbox 1686 5099 1785 5148; x_wconf 79' lang='lat' dir='ltr'>noves</span> <span class='ocrx_word' id='word_1_462' title='bbox 1806 5080 2025 5148; x_wconf 67' lang='lat' dir='ltr'>forneuous</span> 
     </span>
    </p>
   </div>
   <div class='ocr_carea' id='block_1_9' title="bbox 0 0 2340 5632">
    <p class='ocr_par' dir='ltr' id='par_1_10' title="bbox 0 0 2340 5632">
     <span class='ocr_line' id='line_1_43' title="bbox 0 0 2340 5632; baseline 0 1"><span class='ocrx_word' id='word_1_463' title='bbox 0 0 2340 5632; x_wconf 95' lang='lat' dir='ltr'> </span> 
     </span>
    </p>
   </div>
  </div>
 </body>
</html>
