4672 5632
983 373 1186 436 ..11-

218 583 310 668 dixit,
378 599 460 665 quae
527 581 560 648 in
627 582 722 648 rebus
788 583 934 649 montis
1000 583 1165 650 offensioni
1196 584 1294 668 -aint,
1360 583 1424 670 ipsi
1479 585 1621 671 reperire
1676 572 1710 651 et
1770 585 1933 674 explicare

218 689 409 758 studeamus
1172 706 1186 738 ·-
1355 705 1358 714 ’
1431 713 1458 731 ··
1829 704 1833 716 ·

377 796 428 861 Ao
450 794 585 881 primum
606 794 743 878 quidem,
767 813 849 878 qnae
869 795 998 862 cirillo
1020 795 1225 863 unctulum
1244 797 1385 884 pretulit,
1419 797 1461 863 ad
1484 797 1716 866 senteutlaset
1738 796 1932 884 argumenta,

217 921 299 988 quae
321 902 355 968 in
386 902 564 986 tetralogiis
592 900 802 988 proferuntur,
837 901 949 968 relem'i
982 921 1078 988 posse
1104 903 1218 987 aliquia
1241 904 1302 969 sibl
1317 905 1528 992 'persuaserit
1573 903 1813 972 Perscmtemnr
1835 903 1933 991 igitur

215 1009 413 1094 tehulogins
426 1015 462 1078 et
482 1008 684 1092 inquiramus,
707 1028 782 1074 num
802 1007 939 1074 fortasse
961 1009 995 1073 in
1017 1009 1178 1078 iis-insint
1200 1012 1378 1078 sententiae
1403 1019 1437 1077 et
1459 1017 1653 1096 argumenta,
1677 1030 1759 1096 qnae
1782 1013 1821 1078 ab
1845 1015 1936 1078 Anti·

215 1117 338 1203 phontn
348 1116 550 1182 abhorreant.
586 1113 654 1181 Sed
669 1115 753 1181 baud
769 1116 837 1182 scio
851 1135 894 1182 an
909 1113 1139 1200 Dittenberger
1154 1117 1249 1182 mmm
1259 1117 1346 1184 aliud
1358 1114 1539 1202 significare
1549 1117 1693 1186 voluerit
1728 1115 1933 1208 Oomparanti

217 1222 301 1288 enim
325 1221 510 1307 teuulogins
538 1239 609 1287 cum
635 1223 753 1288 ceteris
776 1222 970 1288 emtionibus
994 1223 1201 1309 Antiphontis
1224 1224 1334 1290 mirum
1354 1223 1459 1290 videri
1481 1231 1599 1311 potest,
1622 1225 1714 1310 quod¹
1730 1225 1870 1292 narratio
1893 1225 1934 1307 ab

215 1328 396 1414 tetralogiis
418 1347 548 1415 promus
570 1328 672 1394 abest
718 1327 797 1395 Oum
820 1330 903 1395 enirn
919 1329 1083 1415 Antiphon
1104 1328 1138 1395 in
1159 1331 1267 1413 quinta
1283 1339 1423 1396 etsexta
1438 1332 1581 1398 oratione
1596 1333 1678 1398 hanc
1695 1331 1934 1418 dispositionem

215 1443 337 1518 teneat,
372 1443 408 1501 nt
437 1436 477 1516 ei,
511 1435 565 1518 qui
600 1435 718 1518 dicunt,
751 1438 885 1523 primum
920 1437 953 1500 in
981 1435 1112 1502 exordio
1141 1436 1264 1504 iudices
1287 1437 1328 1503 de
1349 1457 1453 1503 rerum
1470 1443 1561 1503 statu
1583 1439 1736 1504 certiores
1759 1437 1877 1505 iaciant
1900 1447 1934 1506 et

216 1544 338 1610 animos
360 1559 468 1608 eornm
489 1541 550 1606 sibi
575 1541 745 1609 conciliare
777 1543 936 1625 studeant,
972 1541 1088 1609 deinde
1118 1543 1153 1609 in
1176 1547 1436 1630 mpuaoaouxqui,
1472 1563 1553 1628 quae
1575 1545 1783 1631 Antiphontis
1806 1545 1936 1632 propria

217 1657 268 1716 est
289 1669 478 1772 semperque
506 1649 670 1715 exordium
702 1651 845 1734 sequitur
866 1649 1013 1736 (Dionys.
1036 1647 1077 1716 de
1099 1650 1142 1718 Is.
1165 1669 1195 1716 o.
1223 1648 1288 1734 ib),
1325 1659 1495 1736 exponant,
1531 1671 1624 1737 quam
1657 1652 1873 1738 imprudenter
1900 1659 1934 1718 et

214 1757 332 1824 iniuste
355 1763 556 1824 accusatores
579 1756 670 1841 leges
693 1765 727 1823 et
748 1757 894 1823 instituta
917 1757 1067 1824 maiorum
1094 1757 1284 1823 violaverint
1310 1756 1371 1838 uel,
1407 1765 1447 1822 ut
1470 1758 1510 1822 iu·
1527 1759 1628 1844 prima
1651 1759 1803 1842 oratione,
1839 1779 1934 1843 quam

215 1885 315 1951 saepe
336 1883 475 1930 normes
495 1863 558 1928 iam
581 1869 676 1929 antea
697 1865 842 1930 maritum
865 1883 988 1932 ueneno
1010 1863 1193 1930 interimme
1216 1871 1329 1930 conata
1353 1864 1403 1946 alt,
1428 1871 1493 1930 tum
1515 1864 1549 1930 in
1570 1867 1752 1930 narratione
1767 1883 1820 1932 res
1835 1866 1933 1953 ipsas,

216 1971 373 2056 quomodo
396 1970 581 2051 acciderint,
610 1979 685 2036 ante
708 1973 816 2037 oculos
838 1979 969 2058 ponunt,
1000 1977 1160 2056 postremo
1187 1971 1389 2055 argumentis,
1419 1971 1532 2055 quibus
1555 1971 1755 2038 adversarius
1778 1972 1932 2056 vincatur,

213 2077 322 2144 allatis
344 2078 377 2142 in
399 2077 527 2162 epilogo
548 2076 671 2142 iudices
701 2077 902 2157 admoueant,
932 2084 969 2142 ut
991 2085 1025 2142 et
1048 2077 1170 2161 legibum
1185 2087 1228 2144 'et
1247 2077 1442 2142 iuriiurando
1466 2079 1639 2144 oboediant
1660 2097 1763 2164 neque
1785 2079 1932 2145 iunocen-

214 2194 281 2253 tem
304 2205 362 2271 pro
385 2185 480 2249 nonio
503 2203 622 2269 poenas
646 2183 722 2248 dare
744 2185 916 2270 patiantur,
941 2215 985 2232 «-
1008 2203 1076 2251 cum
1100 2184 1197 2267 igitur
1219 2183 1298 2249 haec
1321 2185 1365 2250 sit
1385 2202 1490 2250 rurum
1505 2185 1681 2272 dispositio,
1705 2187 1738 2250 in
1755 2185 1932 2270 tetralogiis

213 2291 303 2358 nulla
324 2291 475 2370 narratio,
501 2290 588 2357 nulla
611 2285 872 2378 προκατασκευή,
896 2309 994 2376 saepe
1015 2309 1058 2356 ne
1081 2289 1244 2355 exordium
1265 2291 1392 2374 quidem
1415 2291 1583 2374 incenium,
1607 2299 1792 2378 argumenta
1811 2303 1933 2358 tantum

213 2400 249 2480 ii,
285 2417 363 2482 quos
397 2397 496 2462 uerba
529 2396 682 2462 iacientes
712 2394 804 2479 fingit
834 2403 949 2478 orator,
986 2393 1152 2482 prolerunt
1175 2405 1209 2462 et
1231 2397 1357 2482 epilogo
1381 2397 1503 2484 vulgari
1527 2405 1665 2464 utuntur.
1712 2397 1804 2465 Haec
1828 2409 1932 2466 autem

215 2503 449 2586 dissimilitudo,
481 2523 562 2586 quae
583 2503 668 2568 inter
690 2502 877 2586 tetralogias
902 2511 935 2568 et
956 2503 1096 2586 reliques
1119 2503 1278 2569 orationes
1299 2504 1481 2586 intercedit,
1510 2503 1612 2571 facilis
1636 2514 1687 2571 est
1709 2507 1750 2571 ad
1774 2506 1932 2593 explican-

216 2613 302 2678 dum.
357 2611 398 2675 ln
420 2609 598 2694 tetralogiis
621 2610 704 2676 enim
735 2617 842 2675 orator
864 2609 991 2675 omnino
1015 2627 1143 2696 operam
1165 2610 1199 2674 in
1221 2611 1404 2677 inventione
1428 2623 1461 2677 et
1483 2613 1774 2700 argumentatione,
1795 2633 1875 2696 quae
1899 2615 1932 2678 in

215 2720 308 2786 omni·
325 2734 421 2785 causa
440 2716 560 2782 lorensi
581 2717 714 2802 primum
737 2713 839 2782 locum
868 2717 898 2782 ei
928 2717 1073 2783 obtinere
1107 2718 1285 2799 videbatur,
1321 2717 1499 2801 collocavit,
1536 2719 1758 2801 narrationem,
1795 2721 1845 2785 oui
1867 2741 1931 2786 non

215 2834 338 2892 tantam
360 2825 424 2888 uim
447 2824 615 2904 tribuebat,
652 2823 764 2890 omisit.
809 2822 922 2907 Neque
945 2844 1024 2911 opus
1048 2831 1117 2890 erat
1139 2825 1332 2908 narratione3
1368 2845 1440 2891 nam
1465 2826 1500 2890 in
1522 2817 1699 2910 tetralogiis
1721 2822 1777 2890 illa
1802 2826 1842 2891 de
1871 2847 1932 2910 qua

215 2932 323 3017 egitur
338 2951 443 3012 eausa,
467 2930 539 3014 quia
555 2930 645 2994 binas
660 2929 869 3011 defensiones,
893 2932 984 2996 binas
997 2931 1214 2998 accusationes
1226 2933 1386 3014 hahemus,
1411 2951 1514 3018 neque
1525 2931 1616 2997 nobis
1629 2951 1731 3016 neque
1745 2933 1793 3016 iis,
1818 2934 1930 3017 quibus

216 3049 326 3106 orator
347 3039 428 3104 haec
450 3038 588 3122 scripsit,
616 3038 681 3103 ulla
702 3037 736 3103 in
758 3059 794 3103 re
817 3037 913 3103 dubia
934 3038 987 3103 vel
1010 3039 1145 3104 obseura
1167 3054 1240 3104 esse
1260 3045 1375 3126 potest.
1421 3039 1548 3125 Optime
1571 3041 1668 3124 igitur
1691 3041 1839 3106 convenit
1862 3060 1932 3106 cum

216 3146 327 3214 indole
350 3153 581 3228 atquematnra
602 3144 818 3230 Antiphontis,
855 3145 939 3228 qnod
961 3147 1182 3226 narrationem,
1211 3165 1303 3229 quarn
1327 3146 1495 3229 unicuique
1515 3147 1549 3211 in
1572 3144 1639 3212 foro
1662 3145 1745 3212 ultro
1768 3165 1803 3212 se
1819 3145 1932 3212 offerre

216 3261 403 3340 persuasum
425 3251 573 3333 babebat,
606 3249 657 3316 hic
685 3253 810 3318 omnino
834 3252 950 3319 omisit.
993 3249 1178 3336 Quanquam
1202 3251 1338 3317 enimin
1367 3253 1571 3334 orationibus,
1602 3271 1683 3335 quae
1705 3251 1789 3340 apud
1812 3253 1932 3319 iudices

218 3361 349 3426 habitae
376 3367 457 3441 sunt,
493 3358 704 3423 camedonem
732 3377 860 3444 prorsus
884 3359 1031 3424 omittere
1054 3379 1117 3424 non
1144 3360 1258 3445 potuit,
1293 3368 1399 3424 tamen
1421 3357 1518 3424 multo
1540 3357 1662 3424 minore
1685 3357 1848 3444 diligentia
1871 3361 1934 3426 ela·

217 3469 333 3534 boruth
361 3473 420 3532 est.
475 3463 513 3530 ln
542 3485 581 3530 ea
603 3473 707 3530 autern
730 3466 880 3530 orationis
907 3473 1010 3551 parte,
1048 3485 1141 3550 quem
1170 3466 1398 3532 exercitatione
1421 3464 1549 3549 dignam
1571 3465 1612 3530 ab
1635 3485 1674 3531 eo
1697 3465 1837 3531 habitam
1860 3487 1931 3533 esse

219 3572 398 3657 tetralogu'is
420 3579 563 3657 apparet,
589 3591 714 3657 semper
735 3591 853 3636 summa
876 3573 1051 3656 sagacitate
1075 3579 1173 3654 atque·
1188 3572 1369 3638 subtilitate
1392 3588 1465 3637 usus
1489 3580 1548 3653 est,
1571 3573 1603 3638 id
1628 3572 1712 3656 quod
1736 3574 1830 3639 etiam
1845 3583 1930 3641 vete·

217 3699 273 3746 ree
306 3678 436 3744 tradunt
459 3676 529 3763 (vit.
552 3681 628 3743 Ant.
652 3698 682 3763 p,
707 3675 860 3744 XXXIV.
888 3678 1037 3744 editionis
1060 3678 1258 3744 Blassianae:
1298 3675 1367 3744 ἔστι
1394 3679 1421 3742 δ’
1445 3673 1479 3743 ἐν
1502 3685 1568 3754 τοῖς
1590 3675 1696 3765 λόγοις
1718 3671 1857 3768 &aquileie
1879 3680 1933 3747 καὶ

275 3853 404 3926 logium
423 3858 518 3910 auctor
534 3854 563 3908 ln
581 3855 670 3909 verbis
688 3854 878 3925 componendls
896 3859 1005 3911 secutus
1024 3860 1073 3919 est
1092 3855 1216 3924 oh'endlt;
1242 3857 1407 3912 demonstrat
1424 3857 1494 3912 enlm
1513 3857 1608 3914 baclo
1626 3871 1656 3912 rs
1674 3871 1734 3912 eum
1754 3857 1932 3930 Antiphontis

275 3933 304 3982 et
321 3927 486 3998 Thucydidis
513 3925 619 3982 dicendi
647 3941 742 3996 genere
769 3929 870 3997 optime
898 3942 1045 3998 congruere
1066 3927 1225 3997 tebelog'ns
1241 3930 1280 3998 (p.
1302 3927 1419 3994 ll-lll
1438 3932 1467 3982 et
1484 3943 1522 3993 ea,
1546 3945 1613 4000 quae
1632 3943 1691 3982 cum
1711 3930 1807 3984 Attica
1824 3929 1932 3985 dicendi

276 3998 467 4054 eumuetudtne
485 4013 537 4051 non
557 3998 717 4067 conspirant,
736 3996 770 4050 ed
789 4005 928 4068 poetarum
946 4007 994 4053 eut
1007 3998 1139 4053 Herodoti
1157 4015 1234 4052 nsum
1252 3999 1388 4053 referende
1406 4015 1464 4054 esse
1483 4000 1615 4054 concedit.
1652 4001 1780 4055 Attamen
1794 4000 1932 4056 vocobnlis

276 4069 456 4196 qissll'iimt
469 4067 1547 4212 tharsitii?still”itlatitaattitulati:
1559 4069 1934 4214 tulminata

275 4181 384 4284 xeqnall
400 4211 505 4267 cuidem
523 4210 566 4266 uel
584 4210 717 4284 discipulo
730 4181 915 4282 Antiphontis,
935 4215 1028 4276 ,euius
1045 4215 1147 4282 scriptu
1165 4229 1225 4268 cunr
1242 4182 1364 4267 cl'arl'orle
1381 4215 1503 4283 magistri
1513 4216 1613 4268 senaim
1626 4213 1751 4268 conluse“
1771 4219 1867 4278 essent,
1887 4214 1933 4268 ad·

274 4286 414 4342 mutuet
453 4281 548 4354 Neque
566 4299 628 4340 uero
646 4285 705 4338 dus
722 4285 885 4352 argumentis
902 4283 1028 4346 adducor,
1051 4291 1083 4338 ut
1100 4299 1158 4338 eam
1175 4288 1337 4342 ammutium
1348 4284 1473 4354 probem.
1510 4284 1637 4338 Dietlone
1655 4283 1767 4338 elatiore
1785 4290 1813 4339 et
1833 4287 1933 4340 melone

276 4355 442 4410 sublimitate
460 4361 489 4410 et
506 4355 645 4410 uerborum
664 4359 693 4410 et
712 4355 903 4410 sententiarum
921 4361 1058 4410 auctorem
1075 4353 1274 4425 tetruloglerum
1292 4358 1333 4410 uti
1354 4356 1506 4410 lirueclrm
1523 4357 1671 4410 rectisshne
1689 4355 1814 4411 concedit
1825 4355 1865 4428 (p.
1880 4355 1935 4425 l'l).

277 4425 350 4484 Num
367 4431 454 4482 entem
472 4425 610 4496 aequalem
628 4425 670 4480 cel
688 4423 849 4497 discipulum
867 4427 1055 4498 Antiphontis.
1070 4441 1151 4496 quom
1168 4427 1291 4496 magistri
1308 4428 1422 4497 miglc
1439 4431 1559 4481 secutum
1577 4439 1637 4481 esse
1650 4429 1753 4492 stanit
1772 4427 1865 4482 eodem
1879 4428 1933 4482 lere

277 4505 403 4570 tempore,
421 4513 475 4568 qno
494 4496 589 4566 Lusius
607 4495 705 4552 studiis
722 4497 864 4554 rhetoricis
882 4514 989 4624 oferam
1006 4496 1191 4563 narnatino
1209 4498 1319 4562 dlomdi
1334 4513 1431 4568 geum
1450 4511 1525 4554 usum
1542 4513 1603 4554 ease
1620 4497 1693 4554 credi
1710 4495 1820 4569 potasti
1838 4498 1931 4565 Iioar·

276 4573 409 4640 gumentn,
435 4583 503 4638 quae
522 4571 562 4622 vir
579 4567 626 4622 ille
644 4567 814 4623 doctissimus
832 4565 870 4639 (p.
907 4563 1009 4637 7-27)
1027 4567 1148 4640 protulit,
1176 4586 1228 4626 non
1256 4569 1402 4646 sufficiunt
1420 4568 1501 4624 adid
1519 4569 1761 4655 demonstrandum.
1799 4571 1932 4640 Quoniam

278 4642 302 4696 al
356 4638 382 4694 la
409 4637 460 4694 hoc
487 4639 548 4696 loco
574 4641 690 4694 ruamus
717 4639 783 4693 mlbl
809 4653 862 4694 non
888 4635 962 4706 licet,
990 4636 1018 4694 id
1055 4655 1149 4696 moneo
1177 4637 1256 4702 facile
1282 4641 1339 4698 lieri
1367 4655 1453 4712 posse,
1481 4643 1513 4698 ut
1539 4639 1609 4696 idem
1637 4641 1716 4698 bomo
1743 4658 1800 4699 non
1826 4658 1931 4712 semper

331 4727 372 4768 em
390 4709 530 4770 uocabulis
547 4709 581 4766 ud
599 4709 709 4766 eandem
727 4712 885 4766 sentenb'am
903 4709 1101 4784 exprimendum
1119 4717 1218 4768 utetur.
1263 4708 1326 4771 hieu
1352 4709 1459 4783 quidum
1481 4713 1616 4771 manua
1631 4711 1724 4802 mulip,
1752 4729 1822 4784 quae
1839 4712 1933 4772 attulit

276 4795 430 4859 Braechner
449 4826 480 4840 -
501 4797 576 4856 velut
597 4777 634 4846 ἐκ
655 4799 820 4872 praeposito
837 4815 887 4874 pre
910 4777 989 4862 ind,
1013 4777 1072 4848 ὢν
1095 4816 1144 4872 Ρῐῡ
1171 4777 1269 4867 istuis
1300 4779 1383 4852 “⁸4⁶⁸
1416 4799 1567 4872 μῦθὼ
1594 4814 1644 4872 ΡΝ
1672 4785 1789 4866 ‘⁶⁴⁰5’
1821 4779 1858 4852 δὲ
1873 4817 1933 4873 ’9ῐο

278 4865 398 4953 ἔπειτα,
418 4867 469 4958 ἔτι
490 4872 538 4953 di,
561 4868 616 4938 aul
630 4867 676 4936 ἔτι
697 4887 818 4944 adbibita
845 4915 878 4928 -
907 4905 960 4946 uon
987 4887 1068 4951 aliter
1084 4888 1218 4960 explicatu
1231 4893 1351 4962 pamm,
1368 4899 1449 4960 quan
1470 4895 1511 4956 ott
1527 4891 1682 4964 penuquem
1700 4891 1795 4962 quinta
1812 4894 1841 4946 et
1857 4896 1934 4964 serta

278 4960 366 5015 oratio
383 4961 484 5032 scriptu
501 4961 546 5026 alt,
564 4960 599 5014 ab
618 4959 787 5032 Antiphontu
804 4959 961 5032 tetrdoghs
978 4961 1143 5032 compositas
1160 4975 1219 5016 erse
1238 4960 1366 5019 dicrum
1706 4980 1711 4999 ·
