4672 5632
737 1869 818 1984 Ile
854 1866 1171 2010 tetralogiu
1206 1867 1564 2010 Antiphontis

980 2045 1320 2162 Rhamnusii.

296 2405 486 2545 Sexaginta
508 2460 667 2524 orationes
691 2457 897 2544 Antiphontis
920 2456 1103 2524 Rhamnusii
1126 2457 1325 2526 circumlatas
1348 2460 1475 2526 esseio
1493 2461 1561 2528 vita
1587 2462 1655 2528 eius
1671 2459 1842 2529 Plutarcho
1864 2465 2003 2552 ascripta

294 2568 437 2652 legimus,
465 2587 506 2632 ex
534 2565 646 2650 quibus
674 2564 786 2650 viginti
813 2565 951 2648 quinquo
974 2562 1131 2630 Caecilius
1154 2563 1335 2632 Calactinos
1362 2565 1548 2634 subditicios
1575 2587 1647 2634 esec
1673 2568 1755 2634 dixit
1777 2565 1944 2654 (φέρονται
1967 2567 2003 2635 δὲ

293 2675 352 2738 τοῦ
382 2668 520 2762 ῥήτορος
551 2667 641 2754 λόγοι
670 2668 707 2752 ξ’,
739 2655 783 2738 ὧν
822 2672 1107 2754 κατεψευσμένους
1138 2668 1222 2756 φησὶ
1250 2670 1418 2745 Καικίλιος
1445 2657 1530 2736 εἶναι
1560 2666 1636 2748 τούς
1665 2675 1726 2761 κέ).
1783 2673 1850 2740 Iam
1877 2675 1918 2742 ds
1945 2678 2002 2757 eis,

294 2799 376 2865 qnae
405 2781 445 2846 ad
474 2790 611 2846 nostram
638 2786 776 2845 aetatem
799 2786 1022 2865 pervenerunt,
1051 2779 1246 2844 orationibus
1269 2793 1382 2862 magna
1405 2789 1455 2847 est
1476 2780 1561 2846 inter
1582 2781 1722 2848 homines
1746 2782 1857 2849 doctos
1880 2791 2002 2850 conhu-

295 2889 408 2956 versia.
458 2892 507 2954 Ac
533 2887 666 2973 pnimnm
693 2885 819 2968 quidem
842 2883 966 2952 lonsius
988 2903 1096 2950 omnes
1118 2885 1277 2954 orationes
1299 2885 1358 2952 soh
1380 2885 1587 2974 Antiphontis
1608 2889 1734 2954 nomine
1756 2889 1848 2954 nobis
1870 2889 2004 2955 traditas

295 2989 409 3080 viginti
432 2995 569 3078 quinque
595 2993 669 3074 illis,
705 3011 782 3077 quas
806 2990 963 3057 Caecilius
991 2992 1113 3076 spurias
1137 3011 1207 3058 esse
1235 2991 1356 3072 statuit,
1391 2992 1642 3075 adnumerandus
1669 3015 1740 3062 esse
1762 2995 1825 3062 sibi
1847 2997 2005 3081 persuasit

296 3113 331 3170 et
364 3101 569 3168 scholasticas
604 3111 699 3184 atque
733 3099 823 3164 fictas
858 3097 1102 3164 declamationes
1128 3097 1262 3184 putavit.
1308 3095 1443 3164 Saeculo
1469 3108 1542 3185 post
1563 3097 1770 3168 Ruhnkenius
1797 3121 2004 3186 omnesquae

295 3210 446 3276 habemus
469 3209 629 3275 orationes
645 3207 851 3293 Antiphontis
875 3224 946 3270 esse
968 3205 1133 3270 commedit
1155 3205 1247 3272 nixus
1269 3205 1464 3291 potissimum
1485 3207 1615 3274 vocibus
1631 3218 1666 3274 et
1679 3208 1842 3275 vocabulis
1857 3229 1876 3274 a
1891 3207 2005 3276 lexico

295 3317 426 3402 graphis
449 3337 489 3381 ex
512 3315 710 3400 Antiphonte
733 3313 907 3398 excerptis;
932 3310 1016 3394 quod
1038 3311 1185 3376 iudicium
1209 3311 1373 3377 Maetzner
1393 3313 1427 3378 in
1449 3313 1627 3380 universum
1649 3315 1807 3400 probarit,
1836 3315 1897 3382 nisi
1921 3315 2004 3398 quod

296 3423 338 3488 de
360 3424 461 3508 prime
482 3423 625 3490 oratione
648 3420 823 3488 dubitabat.
873 3421 918 3484 At
940 3417 1174 3488 Schoemannus
1202 3419 1256 3502 qui
1283 3419 1350 3485 eius
1379 3419 1550 3486 editionem
1571 3421 1733 3488 recensuit
1754 3419 1883 3514 (aaut,
1898 3421 2004 3488 Berol.

299 3529 395 3598 1839.
443 3528 474 3594 11
498 3551 529 3614 p.
552 3527 633 3613 482)
656 3528 788 3614 primam
810 3526 983 3593 orationem
1007 3535 1041 3590 et
1062 3523 1246 3609 tetralogias
1269 3545 1348 3608 quas
1367 3545 1513 3592 vocamus
1528 3526 1570 3590 ab
1585 3527 1783 3614 Antiphonte
1799 3528 2004 3610 abiudicavit,

296 3637 343 3703 ita
364 3645 400 3704 ot
422 3645 607 3720 argumenta
628 3655 690 3701 non
713 3634 849 3700 afferret.
896 3629 987 3710 Quod
1010 3631 1219 3698 Schoemaoni
1245 3631 1393 3700 iudicium
1410 3631 1578 3718 ‚amplexus
1593 3632 1723 3702 Pahlius
1738 3635 1931 3720 argumentis
1956 3634 2002 3700 tir·

297 3763 382 3811 maro
405 3743 525 3810 studuit
548 3741 672 3828 (Paule,
696 3741 748 3806 die
762 3738 876 3806 Redeo
899 3740 956 3808 des
972 3739 1146 3826 Antiphon.
1189 3737 1268 3806 ilinc
1285 3739 1437 3806 kritische
1460 3738 1718 3827 Untersuchung.
1756 3741 1855 3808 lever
1880 3739 2001 3825 1eoo.).

297 3849 409 3934 Neque
432 3859 536 3916 tomen
559 3849 593 3914 id
616 3847 700 3932 quod
722 3847 822 3915 voluit
845 3847 966 3930 effecit;
989 3867 1061 3912 nam
1083 3865 1186 3929 ncqoe
1208 3845 1350 3915 Blassius
1373 3867 1476 3930 nequo
1497 3845 1722 3929 Jernstedtius,
1745 3849 1800 3933 qui
1821 3857 2006 3933 mgomenta

297 3957 365 4022 eius
399 3955 533 4042 puerilia
562 3963 655 4022 vocat
677 3952 810 4040 (Jernst.
836 3955 870 4020 in
893 3952 990 4041 prael.
1015 3953 1069 4019 od.
1090 3972 1122 4039 p.
1145 3951 1304 4018 XXXIX.
1328 3953 1399 4022 adn
1423 3951 1490 4038 27),
1519 3955 1550 4022 ci
1576 3955 1697 4022 mensi
1724 3964 1806 4022 sunt.
1853 3960 2003 4022 Attamen

297 4082 475 4146 quanquam
482 4061 631 4142 Blassius,
643 4061 869 4141 Jemstedtius,
882 4061 1014 4128 Bothius
1026 4057 1676 4146 (deAntiphontisRhamnnsiitetralcgiis.
1692 4057 1878 4146 oldenborg
1888 4060 2004 4146 1876),

297 4169 352 4252 qui
375 4169 415 4234 de
438 4169 498 4234 hac
520 4188 555 4233 rs
579 4168 676 4232 verba
702 4167 854 4248 lecerunt,
879 4167 1062 4252 oecmlogias
1081 4165 1335 4252 abAntiphoute
1358 4167 1584 4236 abiudicandaa
1611 4185 1682 4236 este
1709 4177 1837 4252 negant,
1872 4168 2005 4234 fortasse

298 4293 361 4340 non
388 4273 498 4342 inutile
521 4273 739 4340 videturesse
762 4295 868 4340 rursus
891 4274 924 4340 in
947 4273 1029 4340 hauc
1052 4293 1118 4340 rem
1143 4273 1319 4356 inquirere‚=
1348 4273 1494 4356 quoniam
1520 4273 1698 4360 nuperrime
1721 4273 1784 4340 duo
1806 4275 1866 4338 riri
1892 4274 2006 4354 doctis·

297 4380 378 4461 dmi,
401 4381 455 4465 qni
471 4379 574 4446 Pohlii
597 4379 710 4446 librum
725 4401 789 4446 non
804 4389 968 4461 noverunt,
992 4379 1032 4446 ad
1048 4379 1181 4446 eandem
1204 4379 1393 4446 sententiam
1415 4389 1641 4465 pervenerunt:
1664 4378 1914 4448 Hermetdenum
1934 4381 2005 4448 dieo

298 4497 333 4554 et
347 4487 633 4572 Dittenbergernm,
657 4507 787 4571 quorum
802 4487 884 4554 alter
906 4486 1024 4555 indicia
1046 4486 1079 4552 in
1102 4505 1246 4552 sermone
1266 4487 1449 4573 repperisse
1467 4505 1504 4554 se
1518 4493 1619 4577 putat,
1642 4485 1727 4554 unde
1742 4485 1927 4572 tetralogias
1943 4508 2007 4555 non

298 4592 424 4660 saeculo
453 4595 562 4678 quinto
585 4615 614 4658 a.
639 4592 712 4660 Chr.
736 4615 755 4660 a
777 4613 928 4679 germano
950 4593 1106 4679 scriptore
1129 4593 1248 4674 Attico,
1282 4593 1339 4661 scd
1374 4594 1551 4679 posteriore
1584 4601 1690 4660 aetate
1723 4595 1766 4660 ab
1793 4593 1918 4662 homine
1945 4613 2007 4661 ser·

298 4700 399 4768 monis
415 4699 518 4768 Attici
540 4701 665 4768 minime
688 4701 791 4786 perito
814 4719 885 4766 msa
907 4698 1104 4786 conscriptae
1126 4708 1281 4785 appareat
1296 4697 1464 4785 (Mnemos.
1487 4720 1519 4764 n.
1542 4719 1569 4766 s.
1585 4698 1734 4768 volout.
1756 4719 1787 4788 p.
1811 4697 1902 4786 203),
1926 4700 2008 4767 alter

298 4805 340 4872 ad
386 4805 634 4890 Hcrwerdeuum
684 4825 860 4892 provocans
905 4804 1088 4892 tetralogias
1144 4813 1277 4893 propter
1319 4824 1372 4872 ros
1418 4805 1579 4888 quasdam,
1625 4825 1707 4891 quae
1751 4814 1929 4877 mmmmm
1971 4807 2005 4873 in

298 4911 348 4995 iis,
409 4912 532 5000 spurias
591 4931 662 4980 esse
723 4911 888 4980 contendit
946 4909 1069 4998 (llerm.
1126 4909 1189 4980 vol.
1245 4909 1328 4980 xv1
1385 4932 1417 4999 p.
1471 4909 1564 4997 321).
1630 4911 1709 4982 Post
1757 4907 2007 4980 Hervcrdenmit

298 5017 494 5096 Hartmanm
538 5017 664 5106 (Studia
714 5018 941 5104 Antiphontea,
990 5016 1136 5102 Lugduni
1181 5017 1373 5086 Batavorum
1420 5017 1519 5104 1882)
1558 5018 1708 5088 mmuh
1751 5039 1793 5088 es
1830 5019 2008 5106 tetralogiis
