4672 5632
1043 366 1243 434 ...13-

280 595 316 630 3
337 577 398 646 VI.
419 579 462 646 tt
495 576 551 643 aui
573 577 608 643 oi
628 575 697 661 psa
715 569 809 644 iiior
841 571 1017 664 ἅνθρωποι
1041 584 1111 652 scic
1131 575 1233 662 ὄργας
1249 573 1328 655 τούς
1350 573 1464 658 λόγους
1491 571 1735 657 diruptum,
1752 557 1842 642 sim
1863 570 1901 640 δι’
1921 581 1988 648 ruia

280 680 388 765 λόγοις
409 683 541 771 incudm
561 679 601 750 ui
618 679 699 769 ἔργα
721 677 843 750 inausa
864 687 1075 773 καταστῆσαι.
1103 682 1156 751 -1,·
1173 687 1213 752 11
1237 701 1274 736 Ι
1295 683 1338 750 V.
1360 683 1416 751 88.
1461 681 1614 750 Videmus
1640 683 1738 769 igitur
1758 681 1989 769 Antiphontem

280 791 409 860 medam
442 791 619 858 scnwntim
647 799 682 858 et
714 797 909 875 argumenta,
945 811 1027 874 quae
1050 792 1082 858 ei
1108 811 1252 876 dogm
1274 791 1345 858 vim.
1360 791 1480 858 maen
1501 789 1698 872 videbuntur,
1721 789 1791 856 sine
1812 790 1878 856 nlla
1899 789 1986 856 dubi·

279 898 402 965 tatione
434 904 593 984 repetere.
649 897 764 964 Nonne
798 899 904 982 igitur,
940 898 967 963 si
994 897 1128 966 eandem
1155 898 1281 965 dicendi
1311 893 1569 964 consuetudinem
1590 892 1625 963 in
1647 897 1824 982 tetrnlcffia
1843 897 1990 967 adhiberi

281 1011 418 1086 comtat,
449 1004 492 1070 ab
511 1004 709 1091 Antiphonta
739 1025 795 1072 sss
822 1005 1019 1092 comodpms
1046 1023 1118 1072 esse
1146 1003 1346 1092 putabimus?
1390 1001 1456 1070 eud
1477 1005 1574 1070 ctiam
1596 1003 1659 1070 slis
1678 1004 1723 1070 de
1744 1019 1840 1070 causa
1861 1005 1903 1071 de
1924 1005 1990 1070 imi-

280 1118 384 1178 mucre
407 1112 549 1197 copiare
570 1121 724 1178 semmua.
768 1110 842 1178 Non
864 1111 948 1178 enim
970 1111 1079 1178 mirum
1101 1119 1196 1193 emet,
1220 1113 1249 1178 n'
1270 1112 1351 1196 quis,
1374 1129 1445 1177 cum
1466 1111 1696 1196 Antiphontem
1718 1109 1780 1176 sibi
1802 1111 1844 1176 ad
1866 1111 1988 1178 inritan-

282 1217 352 1284 dum
375 1218 595 1306 pmpcsuisset
615 1227 651 1284 et
672 1218 839 1284 sententiis
862 1226 896 1286 et
917 1218 1109 1302 argumentis
1131 1237 1229 1304 saepe
1249 1218 1362 1284 iisdem
1383 1235 1458 1284 nsua
1479 1227 1576 1299 essct,
1597 1217 1632 1282 in
1652 1216 1859 1302 muscose
1882 1219 1923 1284 ab
1946 1239 1986 1286 ec

279 1325 486 1392 miscet?
531 1325 687 1410 liquidem
713 1343 896 1412 persuasum
924 1325 1030 1392 habeo
1049 1325 1238 1392 imitatorem
1257 1325 1356 1391 edum
1377 1325 1440 1390 hac
1459 1325 1494 1390 in
1514 1340 1551 1390 re
1573 1323 1667 1390 anxis
1687 1324 1824 1408 vesdgia
1845 1327 1986 1394 sudwic

280 1440 458 1498 secuturum
480 1431 587 1498 inisse.
632 1431 753 1498 lisdem
776 1440 881 1498 autem
904 1431 1120 1516 dispositionis
1142 1431 1374 1514 dissimilitudo,
1397 1449 1480 1515 qnae
1500 1430 1584 1497 inter
1606 1430 1791 1514 tetralcgins
1814 1439 1848 1498 ct
1862 1440 1987 1501 cetcrss

279 1538 448 1625 onticnes,
471 1539 652 1621 intercedit,
687 1539 782 1604 etiam
815 1545 999 1623 argumento
1029 1555 1101 1604 essa
1127 1546 1236 1624 potest
1265 1538 1450 1623 tetralogius
1473 1557 1536 1604 non
1558 1557 1635 1604 casn
1656 1536 1690 1602 in
1712 1537 1919 1624 Antiphontis
1941 1559 1988 1606 re·

279 1644 386 1729 liquiis
408 1648 533 1713 hattus
555 1653 590 1712 et
612 1647 670 1712 sub
692 1646 819 1710 nomine
841 1645 908 1712 cina
931 1643 1068 1711 nudius
1089 1663 1171 1711 esse.
1216 1639 1484 1712 Verisiniliimum
1506 1644 1589 1712 euim
1610 1651 1662 1710 est
1684 1643 1819 1711 futurum
1839 1645 1936 1714 icisse
1950 1653 1987 1713 nt

279 1751 340 1817 hac
366 1751 620 1819 dissimilitudine
649 1752 862 1836 unusquisque
890 1751 1106 1836 impediretur,
1142 1751 1305 1834 quominus
1327 1751 1533 1840 Antiphontis
1562 1751 1635 1818 illas
1657 1770 1728 1818 esse
1751 1760 1887 1838 putaret,
1926 1754 1988 1820 nisi

280 1858 338 1924 suh
360 1858 428 1925 eius
449 1859 575 1925 nominc
598 1859 800 1926 circumlatae
822 1867 938 1924 essent

439 1965 490 2032 lix
511 1967 705 2052 argumentis
726 1967 823 2050 igitur
845 1973 879 2030 et
908 1964 1075 2032 sententiis
1103 1964 1229 2030 minime
1256 1964 1465 2030 demonstrari
1494 1971 1602 2050 potest
1623 1964 1810 2050 teuslogias
1832 1967 1873 2031 ab
1896 1967 1986 2034 Anti-

279 2072 399 2158 phonte
421 2073 647 2140 abiudicandas
665 2091 744 2140 esse.
792 2068 857 2137 Sed
879 2069 1013 2136 icrtasse
1035 2070 1122 2136 eliud
1144 2070 1323 2156 significare
1344 2071 1414 2138 vult
1435 2071 1663 2154 Dittenberger
1685 2091 1755 2136 cnm
1777 2072 1879 2150 diuat;
1915 2073 1987 2156 „ich

278 2179 394 2264 &aba
417 2227 426 2246 .
450 2228 460 2245 .
484 2228 493 2244 .
518 2232 525 2246 .
548 2199 605 2245 aus
628 2179 700 2244 dem
722 2179 905 2245 sachlichen
925 2177 1020 2244 'l'heil
1043 2177 1101 2244 der
1122 2175 1237 2245 Reden
1259 2175 1533 2244 lintseheidendes
1554 2197 1658 2262 gegen
1681 2177 1734 2244 die
1749 2177 1900 2245 ilchtheit
1922 2180 1987 2246 bei·

277 2285 413 2370 bringen
435 2308 473 2352 an
494 2285 656 2354 kdnnen.“
702 2285 829 2352 litenim
851 2292 887 2351 ut
908 2284 1097 2369 tetrulugiae
1118 2303 1183 2350 non
1205 2285 1246 2350 ab
1268 2285 1476 2370 Antiphonte,
1513 2284 1571 2350 sed
1601 2305 1621 2350 a
1650 2283 1778 2350 hunno
1800 2286 1986 2371 posterioris

277 2393 393 2458 utatis
424 2394 619 2480 compositus
653 2394 726 2474 sint,
760 2394 794 2458 in
827 2393 884 2474 eis,
913 2411 995 2476 quae
1021 2391 1063 2460 td
1090 2411 1143 2457 res
1169 2391 1311 2458 forenses
1340 2399 1376 2456 et
1396 2391 1438 2457 ad
1460 2409 1548 2457 nsum
1571 2391 1637 2458 litis
1659 2392 1789 2457 Atticae
1812 2393 1985 2478 pertinent,

276 2500 415 2584 vestigia
436 2501 503 2566 eius
526 2499 723 2586 deprehendi
744 2519 838 2586 posse
860 2498 928 2564 iure
942 2498 1118 2582 meritoque
1141 2499 1211 2582 quis
1226 2497 1407 2565 crediderit.
1453 2502 1697 2582 Atqnerevera
1705 2498 1986 2584 Dittenbergerum

276 2607 429 2692 imprimis
451 2607 492 2672 de
522 2607 640 2673 talibus
664 2607 856 2691 argumentis
883 2605 1083 2690 cogitavisse,
1116 2625 1159 2671 ax
1180 2606 1307 2688 litteris,
1333 2620 1412 2690 quas
1433 2605 1549 2670 abhinc
1570 2605 1738 2671 trienninm
1760 2605 1837 2672 mihi
1859 2609 1984 2693 petenti

277 2713 373 2795 misit,
408 2713 553 2798 cognovi.
604 2713 692 2778 Dicit
722 2714 805 2779 enim
835 2712 1021 2797 tetralogiss
1047 2711 1206 2778 nonnullis
1228 2712 1307 2778 locis
1327 2709 1494 2778 maniiestc
1515 2729 1658 2798 pugnare
1680 2729 1751 2779 cnm
1773 2713 1842 2780 inre
1863 2714 1985 2799 Attico,

278 2819 363 2903 qnod
384 2820 427 2886 ad
449 2821 580 2886 caedem
599 2820 750 2906 pertinet.
797 2818 863 2886 Sed
886 2819 1033 2903 quoniam
1054 2819 1201 2902 nondun,
1226 2819 1311 2902 quod
1332 2819 1439 2899 sciam,
1463 2827 1574 2904 aperte
1596 2819 1686 2901 dixit,
1710 2819 1828 2904 quibus
1841 2821 1876 2886 in
1890 2823 1986 2890 rebus

275 2926 466 3010 tetralogiae
488 2945 552 2992 ncn
575 2927 766 2992 conveniant
795 2947 865 2993 cnm
892 2925 1017 3012 iegibus
1039 2927 1166 3009 Atticis,
1201 2927 1393 3010 inquiramus
1420 2926 1453 2990 in
1481 2926 1564 2991 hanc
1585 2945 1652 2992 rem
1674 2925 1769 3014 panio
1791 2929 1983 3014 accuratius3

277 3033 306 3098 si
327 3031 406 3097 nihil
427 3032 523 3114 uliud,
547 3033 681 3098 fortasse
703 3033 738 3099 id
760 3033 941 3116 efficiemus,
967 3041 1003 3099 nt
1024 3033 1075 3098 vir
1095 3033 1152 3100 ille
1172 3053 1277 3100 rernm
1291 3033 1468 3099 Atticarum
1489 3032 1707 3120 peritimimus,
1723 3034 1855 3118 quidde
1872 3035 1931 3102 hac
1945 3055 1982 3104 rc

261 3139 406 3221 sentiat,
429 3139 550 3227 publici
571 3140 647 3206 iuris
670 3139 766 3206 iaciat
788 3159 915 3225 eosque,
939 3141 994 3224 qui
1015 3141 1200 3226 tetralogins
1219 3139 1424 3228 Antiphontis
1446 3159 1517 3206 esse
1540 3140 1681 3221 credam,
1705 3139 1836 3206 meliora
1857 3141 1981 3209 doceat

438 3245 546 3312 Primo
567 3245 736 3330 tetmiogia
763 3247 803 3312 ad
832 3247 941 3312 caedis
970 3246 1221 3333 praemeditatae
1252 3247 1409 3313 actionem
1441 3253 1576 3332 spectet
1629 3244 1719 3312 Oivis
1737 3247 1866 3330 quitiam
1888 3256 1985 3316 nocte

278 3372 351 3418 cnm
370 3371 463 3419 servo
490 3374 510 3419 a
536 3373 636 3420 caena
668 3353 797 3418 rediens
823 3352 1012 3418 interficitur
1033 3373 1103 3419 cnm
1130 3354 1201 3440 ipso
1223 3353 1347 3420 comite.
1391 3345 1545 3419 Dominus
1566 3352 1693 3436 quidem
1714 3353 1821 3419 statim
1843 3364 1984 3423 mortum

277 3467 339 3541 est,
361 3477 470 3525 servus
492 3467 606 3541 summ,
640 3460 694 3543 qui
716 3459 806 3525 vimus
827 3465 974 3547 repertus
996 3467 1055 3542 est,
1088 3467 1256 3546 postquam
1277 3460 1312 3526 in
1333 3460 1516 3526 sicariorum
1537 3477 1667 3526 numero
1690 3459 1848 3528 inimicum
1863 3461 1982 3530 donnini

278 3585 315 3631 se
345 3567 512 3650 agnoviase
539 3566 715 3647 affirmavit,
749 3567 883 3632 animam
913 3567 1040 3633 efflavit.
1092 3566 1184 3633 illum
1211 3567 1309 3651 igitur
1340 3566 1498 3632 inimicum
1521 3565 1650 3651 cognati
1671 3565 1808 3634 hominis
1828 3568 1927 3636 occisi
1949 3570 1983 3636 in

275 3671 425 3738 iudicium
456 3680 573 3739 vocant
602 3681 637 3739 et
659 3673 767 3740 caedis
793 3673 999 3757 voluntariae,
1030 3674 1115 3739 servi
1137 3673 1325 3755 testimonio,
1347 3673 1500 3759 impn'mis
1522 3679 1627 3740 sutem
1649 3675 1842 3758 argumentis
1865 3673 1903 3742 ἐκ
1924 3680 1988 3742 soti

277 3773 402 3854 εἰκόνος
423 3779 598 3866 desumptis
621 3779 741 3861 confisi,
766 3781 957 3846 convincere
973 3781 1111 3848 student.
1157 3779 1333 3847 inimicitiis
1349 3779 1441 3863 enim,
1465 3796 1546 3864 qnae
1565 3781 1650 3846 inter
1663 3799 1751 3846 reum
1767 3787 1803 3849 et
1816 3782 1984 3870 interemp

276 3891 344 3948 tum
368 3885 633 3968 intercessissent,
667 3887 754 3952 ilium
781 3895 967 3953 commotum
989 3907 1071 3970 esse,
1106 3894 1141 3954 ut
1168 3873 1382 3953 adversarium
1405 3895 1493 3954 suum
1515 3887 1682 3954 demedio
1704 3887 1844 3973 tolieret,
1879 3910 1921 3957 ne
1943 3893 1984 3958 ab

276 4010 318 4056 ec
340 3990 498 4077 sacrilegii
521 3993 762 4059 convinceretur
783 3994 849 4078 (Aa
872 3993 916 4080 6).
960 3993 1047 4061 Reus
1070 4014 1111 4060 ex
1132 3994 1211 4083 ipsis
1233 3995 1296 4060 illis
1318 3993 1491 4061 inimicitiis
1513 4003 1738 4079 mgumentum,
1767 4016 1831 4080 quc
1853 3999 1984 4064 caedem

276 4117 299 4162 e
320 4115 355 4164 sc
376 4119 441 4166 non
463 4105 620 4184 patratam
647 4117 717 4165 esse
742 4101 946 4183 demonstret,
979 4102 1098 4188 repetit
1128 4111 1162 4168 et
1190 4102 1400 4188 suspicionem
1421 4102 1455 4167 in
1477 4101 1566 4184 alica,
1600 4101 1755 4187 imprimis
1774 4103 1809 4168 in
1831 4103 1983 4187 latrones,

275 4209 422 4270 avar-mre
454 4205 572 4270 studet
629 4206 759 4272 Duabus
792 4208 1044 4274 accusationibus
1073 4208 1155 4275 duae
1185 4207 1385 4276 defensiones
1407 4229 1428 4274 a
1448 4229 1504 4275 rac
1526 4215 1729 4296 opponuntur
1756 4217 1790 4276 et
1817 4229 1866 4292 ea,
1901 4231 1983 4295 quac

275 4309 374 4402 niodo
390 4318 428 4377 nt
449 4331 526 4377 veru
548 4311 601 4376 vel
624 4311 805 4378 verisimilia
827 4314 868 4379 cb
891 4313 1072 4380 adversario
1087 4313 1214 4400 prolate
1229 4321 1311 4398 sunt,
1334 4316 1369 4381 in
1383 4316 1561 4400 insequenti
1576 4315 1772 4382 cmtinncuia
1786 4316 1983 4387 reieliuntnr.

436 4415 525 4484 Nihil
546 4419 639 4502 inest,
663 4419 748 4503 quod
771 4441 840 4486 cnm
864 4420 987 4506 legibus
1000 4420 1120 4487 Atticis
1141 4421 1194 4487 vel
1214 4423 1311 4489 rebus
1332 4423 1508 4490 forensibus
1530 4419 1658 4489 aliunde
1682 4422 1765 4490 ndtis
1786 4443 1850 4490 non
1864 4425 1984 4514 optimc

275 4526 447 4610 conspiret.
491 4525 631 4611 tegibus
654 4527 737 4592 enim
757 4527 877 4594 Atticis
898 4528 1134 4614 praescribitur,
1155 4537 1202 4613 nt,
1226 4529 1254 4596 si
1276 4533 1505 4597 accusetnscrt
1526 4529 1664 4596 iudicum
1678 4530 1838 4597 ssnoentia
1852 4533 1984 4599 caedem

274 4631 460 4718 putaverit,
483 4633 598 4719 capitis
613 4633 780 4700 damnetur
793 4641 828 4700 et
841 4635 1057 4718 interficiatur,
1081 4633 1143 4701 nisi
1157 4640 1261 4711 anm.
1277 4635 1312 4704 id
1326 4635 1411 4726 qnod
1427 4637 1458 4703 ei
1472 4655 1534 4724 per
1548 4637 1637 4722 leges
1645 4635 1777 4720 ilcebat,
1793 4638 1827 4704 in
1837 4635 1984 4706 exsilium

275 4724 401 4806 obierit
436 4737 500 4823 (Aa
511 4739 532 4804 9
544 4735 603 4805 iric
614 4735 650 4804 δὲ
659 4741 719 4804 νῦν
730 4740 959 4829 καταληφθεὶς
973 4735 1147 4823 ἀποθάνω,
1162 4735 1283 4812 ἀνόσια
1292 4741 1402 4831 ὀνείδη
1415 4747 1485 4817 scia
1499 4743 1613 4812 mato
1626 4739 1812 4831 ὖπολιίψω,
1834 4738 1860 4834 ἢ
1874 4741 1984 4829 prrsuir

273 4847 376 4930 γέρων
397 4842 453 4908 acl
474 4839 594 4918 tuctu
618 4841 660 4909 uis
682 4842 738 4913 ini
761 4849 870 4926 ξενίας
895 4844 1096 4937 muzeiuo).
1154 4848 1276 4934 Omnis,
1307 4869 1392 4936 quae
1418 4852 1592 4939 inprims
1623 4850 1794 4938 enough
1823 4849 1982 4938 legentum,

274 4951 417 5038 perbene
439 4971 509 5018 unna
530 4971 589 5019 nsu
611 4956 646 5020 et
667 4955 894 5021 consuetudine
916 4953 976 5021 lori
997 4953 1101 5022 Attici
1124 4964 1310 5043 congruunt,
1344 4957 1406 5025 nisi
1437 4955 1523 5026 heta
1545 4957 1580 5025 ld
1608 4957 1774 5026 cffmdcni
1800 4967 1862 5044 est,
1897 4957 1984 5044 qnod
