4672 5632
980 445 1180 512 .-.-19-

215 665 320 744 βούαα
343 661 547 744 σωφρονίζει
591 657 665 725 me
689 709 696 724 .
723 641 765 724 .’.
789 653 879 743 ύβρει
902 657 937 726 δὲ
960 657 1015 726 καὶ
1039 652 1201 743 ἀκολασίᾳ
1217 659 1380 738 παροινῶν
1395 656 1442 730 εἰς
1456 649 1560 742 (isdem
1574 652 1774 741 suentisium,
1797 652 1924 726 τύπτειν

215 789 249 834 τε
272 765 328 837 sui
351 754 482 848 unipes,
504 763 564 840 ἕως
585 764 640 853 τῆς
664 763 773 852 ψυχῆς
795 757 1017 850 ἀπεστέρησεν
1040 757 1151 845 αὐτόν,
1175 761 1218 840 ιύς
1239 760 1300 846 μὲν
1315 759 1420 849 μόνον
1434 770 1501 836 coit
1516 757 1686 844 ἐπιτιμίοις
1700 752 1925 844 mendcium.

217 873 381 943 Meetsner
412 871 455 941 od
482 872 555 942 mo
587 872 667 941 haec
700 871 845 938 adnotet:
881 871 943 952 „de
970 872 1127 940 ebrietate
1154 871 1208 956 agi
1233 871 1385 956 colligere
1407 869 1511 957 possis
1533 888 1551 934 e
1574 889 1592 948 ς
1616 865 1635 954 d
1659 869 1693 940 2.
1737 867 1924 954 Quanquam

216 982 345 1050 obstare
376 979 504 1048 uidetur
536 980 611 1048 huic
645 977 824 1052 sententiae
859 974 878 1061 ἓ
915 977 945 1060 i,
978 979 1032 1046 ubi
1060 977 1311 1064 praemeditatae
1344 978 1455 1051 medin
1475 977 1596 1047 diserta
1617 977 1753 1049 hebetus
1775 977 1923 1056 mentio.“

217 1087 267 1154 De
287 1086 444 1160 ebrietate
467 1085 516 1158 luis
539 1086 618 1158 locis
640 1086 692 1172 egi
715 1083 952 1154 concedendum
975 1093 1037 1152 est.
1081 1083 1147 1152 Sed
1168 1104 1210 1150 ex
1225 1084 1350 1170 legibus
1364 1084 1481 1160 Atticis
1496 1103 1578 1166 cum,
1601 1084 1656 1167 qui
1670 1083 1777 1160 ebrius
1792 1082 1923 1165 eaedem

218 1194 423 1274 commiserat,
458 1189 563 1275 φόνον
592 1191 746 1261 ἑκουσίον
773 1211 925 1261 accusare
946 1205 980 1258 et
1002 1193 1116 1278 cupitis
1139 1191 1289 1260 dumnure
1311 1191 1439 1258 liment
1486 1189 1642 1261 Discimus
1665 1191 1728 1256 hoc
1746 1210 1790 1256 ex
1810 1189 1926 1275 nysius

218 1301 363 1371 oratione
385 1309 498 1382 quarta
521 1298 575 1364 nbi
596 1299 635 1380 in,
657 1299 712 1382 qui
738 1299 837 1364 verbu
863 1297 948 1378 iecit,
982 1294 1165 1380 τραύματος
1191 1292 1228 1362 ἐκ
1251 1297 1407 1380 προνοίας
1428 1305 1594 1367 accusatus
1616 1306 1676 1366 est.
1720 1295 1806 1382 Regi
1828 1297 1927 1382 iginn

216 1407 304 1474 litem
322 1405 505 1477 instituenti
524 1425 709 1491 persuasum
730 1405 834 1472 fueret
855 1425 926 1472 eum
941 1405 1093 1484 ¹consulto
1116 1405 1247 1472 caedem
1269 1411 1396 1490 putrere
1419 1403 1565 1484 voluisse,
1597 1423 1775 1487 quenquam
1796 1423 1925 1473 mense

216 1521 267 1580 tor
299 1533 371 1580 eum
403 1511 526 1582 ebrium
558 1511 680 1580 lucinus
713 1512 905 1588 commisisse
938 1512 1097 1581 concessit
1124 1507 1159 1597 (ξ
1184 1511 1201 1576 'l
1228 1559 1236 1576 .
1261 1559 1268 1575 .
1293 1557 1302 1576 .
1329 1505 1588 1592 όμολογούμεθο
1617 1505 1699 1593 πρὸς
1725 1508 1924 1587 midumai

217 1614 413 1706 ούληιρίύος
435 1615 491 1688 sui
513 1621 581 1700 μετ’
603 1617 695 1686 οἶνον
717 1613 895 1704 ἐλθόντες).
945 1615 1058 1696 Quem¹
1072 1618 1124 1702 qui
1148 1627 1237 1687 tenet
1259 1617 1362 1696 loeutp
1384 1637 1446 1686 non
1469 1617 1600 1701 negabit
1622 1616 1689 1685 fieri
1711 1617 1872 1703 potuisse,
1888 1623 1926 1691 nt

158 1791 162 1801 ,
217 1724 309 1790 homo
330 1724 437 1794 eunus
461 1724 570 1794 medis
592 1725 843 1810 praemeditatae
865 1745 906 1792 ex
929 1725 1052 1809 legibus
1074 1725 1194 1793 Atticis
1216 1733 1430 1796 accusaretur-

376 1829 481 1900 Unum
504 1839 614 1912 restet,
645 1832 730 1914 quod
761 1832 1054 1900 commemoratione
1081 1831 1307 1916 mihidignum
1330 1832 1558 1901 videturesse.
1605 1827 1736 1901 Scimus.
1749 1850 1791 1900 ex
1812 1829 1926 1903 Demo·

215 1941 328 2009 sthene
354 1936 400 2024 (e.
421 1939 576 2012 Aristoor.
609 1960 641 2024 p.
665 1939 731 2006 635
754 1936 773 2023 ξ
796 1939 841 2004 50
871 1931 915 2000 ἅν
941 1962 986 2013 τις
1017 1933 1120 2022 τύπτῃ
1152 1933 1259 2004 mod.
1315 1931 1455 2020 „doxon
1486 1930 1758 2022 premeditatus,
1781 1931 1924 2018 riunire

215 2039 373 2130 ἠμύνατο,
399 2041 459 2111 οὐκ
482 2042 602 2130 ἀδικεῖ)
632 2067 691 2132 per
719 2045 807 2130 leges
830 2045 955 2110 Atticas
978 2045 1040 2110 vim
1062 2045 1094 2108 vi
1117 2044 1275 2130 repellere
1296 2044 1433 2114 licuisse.
1477 2043 1622 2120 mntem
1638 2043 1748 2128 ,legem
1769 2044 1810 2119 eb
1833 2043 1926 2113 nnu-

214 2153 335 2236 phunte
357 2153 390 2220 in
413 2153 473 2220 hee
496 2153 666 2238 tetralogie
688 2153 921 2218 commemorari
944 2151 1006 2217 iarn
1028 2152 1282 2238 supradiximus.
1329 2149 1502 2226 Contendit
1514 2160 1619 2228 entem
1635 2159 1800 2223 mouens
1815 2171 1923 2216 senem

215 2259 337 2324 initium
368 2258 483 2326 lecese
515 2260 714 2342 verberandi,
747 2259 832 2342 qnod
861 2259 955 2324 etiam
986 2269 1087 2324 testes
1108 2259 1321 2343 probaverant
1343 2257 1428 2344 (Poe
1452 2258 1483 2326 oi
1505 2253 1664 2342 μόρανρες
1686 2252 1801 2330 τοῦτόν
1824 2275 1925 2342 φασιν

214 2357 310 2448 ἄρξαι
331 2367 392 2454 τῆς
413 2365 566 2454 πληγῆς).
623 2365 686 2432 Cur
713 2366 809 2451 igitur
839 2377 1013 2446 accusatus,
1049 2385 1119 2430 cnm
1150 2375 1250 2432 testes
1273 2366 1334 2431 hoc
1356 2364 1635 2445 confirmavissent,
1670 2365 1731 2432 heo
1753 2364 1825 2448 lege
1847 2383 1923 2442 usus

214 2491 279 2536 non
311 2473 476 2538 contendit
508 2469 611 2556 μόνον
646 2475 772 2538 δίκαιον
806 2493 840 2538 se
875 2473 1066 2539 commisisse
1101 2483 1134 2538 et
1156 2473 1238 2538 omni
1267 2471 1360 2558 culpe
1383 2472 1515 2536 liberum
1537 2470 1628 2536 ossei
1673 2469 1809 2554 Reliqua
1834 2471 1918 2536 enim

211 2579 452 2662 argumentatio,
498 2600 560 2663 qua
603 2581 804 2645 innocentem
853 2599 887 2644 se
926 2599 995 2646 esse
1035 2579 1250 2644 demonstrare
1297 2578 1413 2661 studet,
1455 2597 1690 2664 supervacanee
1726 2575 1846 2660 fuisset,
1894 2578 1922 2644 si

213 2683 272 2749 ille
292 2683 364 2769 lege
387 2685 473 2750 nisus
496 2694 591 2751 essct.
637 2685 702 2752 Sed
725 2687 757 2751 in
780 2687 840 2752 hac
863 2707 898 2752 re
920 2686 1000 2751 nihil
1022 2687 1106 2752 inest
1120 2686 1311 2752 offensionis.
1359 2683 1513 2770 idipsum
1528 2684 1620 2766 enim,
1645 2683 1729 2768 quod
1744 2683 1866 2750 invenis
1888 2693 1925 2750 et

214 2799 315 2856 testes
348 2790 556 2874 affirmabant,
592 2813 698 2858 senem
731 2793 921 2860 verberandi
954 2794 1077 2860 initium
1112 2792 1235 2874 iecisse,
1270 2801 1436 2859 accusator
1467 2791 1644 2877 preeirncte
1674 2801 1780 2875 negat.
1832 2789 1921 2856 Nihil

213 2897 312 2982 igitur
321 2897 601 2986 rensprolecisset,
625 2900 653 2966 si
664 2899 736 2986 lege
758 2901 815 2966 illa
836 2899 1460 2985 ususalinargnmentanonprotnlieset.
1505 2898 1641 2965 Tantum
1663 2899 1765 2980 abest,
1790 2907 1823 2964 ut
1845 2899 1918 2983 lege

213 3003 281 3086 ille,
305 3025 367 3088 qua
389 3000 493 3090 φόνον
515 3007 642 3072 δίκαιον
664 3027 699 3072 se
722 3007 913 3072 commisisse
936 3015 1063 3092 poteret
1086 3006 1288 3088 contendere,
1316 3007 1444 3088 nitatur,
1473 3015 1508 3072 ut
1531 3016 1663 3072 mortem
1685 3006 1770 3074 senis
1792 3005 1920 3072 omnino

214 3110 258 3176 ad
280 3130 314 3178 se
337 3131 401 3176 non
422 3112 584 3197 pertinere
608 3112 823 3180 demonstrare
845 3114 982 3180 studeat.
1028 3113 1131 3180 Etiam
1153 3112 1319 3179 indutibus
1335 3113 1451 3180 ceteris
1467 3112 1643 3198 tetralogiis
1659 3114 1692 3195 ii,
1709 3113 1763 3198 qui
1778 3113 1923 3178 accusati

214 3227 299 3298 sunt,
322 3217 443 3284 lacinus
464 3219 590 3285 omnino
614 3219 655 3286 ud
677 3239 712 3286 se
735 3220 896 3306 pertinere
919 3229 1046 3304 negant,
1068 3220 1153 3303 qnod
1175 3221 1216 3285 ed
1235 3229 1378 3286 naturam
1393 3229 1488 3304 atque
1503 3219 1642 3285 indolem
1657 3219 1920 3288 declamationum

214 3344 345 3410 prorsus
367 3326 603 3392 accomodatum
626 3337 685 3393 est.
732 3327 770 3392 Id
793 3327 819 3391 si
843 3327 947 3392 animo
968 3326 1154 3408 tenebimus,
1179 3327 1274 3393 etiam
1289 3327 1385 3410 aliud,
1409 3328 1442 3392 in
1457 3347 1519 3410 qno
1535 3327 1595 3391 viri
1609 3327 1696 3393 docti
1711 3327 1920 3412 offenderunt,

214 3431 325 3496 mirum
356 3431 419 3497 ism
450 3452 521 3498 esse
553 3453 616 3498 non
648 3442 767 3518 potest.
822 3433 860 3498 ln
889 3432 952 3498 fine
975 3432 1163 3517 tetralogise
1186 3432 1308 3518 (Poto)
1331 3435 1410 3499 haec
1432 3434 1552 3520 scriptu
1574 3443 1660 3499 sunt:
1685 3429 1803 3500 ούτοοί
1826 3431 1863 3499 δὲ
1885 3429 1923 3501 ἐκ

214 3531 339 3610 παντός
355 3537 421 3601 τόν
443 3531 649 3626 ἐγκλημάτων
670 3536 899 3622 ἀπολυομένου
922 3543 981 3606 τοῦ
1003 3533 1130 3624 ἀνδρός,
1153 3537 1250 3626 ἡμεῖς
1272 3535 1441 3627 ὁσιώτερον
1464 3538 1541 3624 ύμῖν
1570 3534 1817 3627 ὀπιονήατομεν
1839 3537 1923 3628 incip

214 3637 471 3731 adrumetinis
494 3646 598 3729 φονέα
621 3643 795 3729 ζητοῦντας
818 3641 968 3722 κολάζειν
989 3642 1045 3712 τὸν
1065 3642 1215 3730 καθαρόν
1230 3639 1437 3713 α’ποκτείνενν
1461 3697 1469 3714 .
1493 3695 1502 3714 .
1527 3695 1535 3712 .
1559 3697 1567 3713 .
1591 3652 1693 3716 raom
1708 3629 1767 3712 ούν
1782 3645 1924 3726 δεδιότες

214 3743 275 3813 τόν
307 3747 368 3831 μὲν
399 3743 549 3834 καθαρόν
584 3745 738 3834 ύμέτερον
770 3746 905 3836 ἡγεῖσθε
937 3740 1021 3817 εἶναι
1053 3746 1206 3819 ἀπολύειν
1237 3753 1297 3842 τῆς
1322 3752 1438 3832 αἰτίας,
1467 3750 1523 3821 τόν
1546 3751 1582 3820 δὲ
1604 3750 1721 3838 μιαρόν
1743 3755 1791 3844 τῷ
1813 3749 1920 3840 χρόνῳ

213 3847 400 3928 α’ποδύντες
421 3857 524 3944 φῆναι
545 3862 612 3927 τοῖς
633 3853 758 3938 ἔγγιστα
779 3861 993 3940 τιμωρεῖσθαι
1014 3845 1219 3926 ύπολείπὲτε.
1265 3858 1353 3939 Quae
1379 3863 1477 3928 verbe
1505 3882 1633 3950 prorsus
1659 3862 1764 3928 aliene
1786 3882 1857 3928 esse
1880 3861 1923 3927 sb

214 3963 278 4026 hac
310 3961 479 4050 tetralogis
512 3959 662 4028 Reiskius
695 3973 729 4027 et
760 3959 949 4050 Spengelius
982 3976 1185 4052 putaverunt;
1220 3967 1361 4036 Blassius
1395 3969 1434 4034 iis
1468 3987 1615 4036 assensus
1648 3975 1709 4051 est,
1743 3989 1921 4052 quenquam

214 4067 380 4135 Maetzner
401 4069 576 4136 lectissime
598 4067 723 4135 Reiskii
745 4071 934 4136 sententiam
955 4073 1121 4141 reiecerat.
1169 4072 1280 4161 Nuper
1301 4073 1441 4162 Philippi
1465 4095 1521 4142 sno
1543 4075 1615 4142 loco
1637 4076 1717 4142 haec
1740 4075 1921 4142 dictasses

215 4175 454 4258 demonstravit,
479 4195 548 4242 cnm
571 4173 705 4242 Bothius
727 4175 822 4241 etium
842 4197 925 4244 nune
940 4175 1064 4246 Reiskii
1087 4183 1275 4248 sententium
1297 4193 1460 4267 sequutum
1484 4182 1563 4248 dicit
1577 4182 1660 4248 enim
1675 4203 1708 4269 p.
1726 4182 1760 4247 i:
1785 4181 1923 4264 „tertiae

214 4281 404 4368 tetralogise
426 4282 571 4368 epilogus
592 4302 721 4368 prorsus
742 4303 806 4348 non
829 4303 899 4350 curn
921 4306 960 4352 ee
983 4307 1156 4372 congruere
1178 4290 1336 4356 videtur.“
1382 4287 1483 4356 Nobis
1505 4289 1632 4373 quidem
1653 4290 1691 4370 is,
1715 4288 1769 4373 qui
1784 4289 1920 4354 verbere

215 4389 324 4455 attulit
357 4391 435 4472 seni,
469 4401 580 4457 auctor
601 4389 727 4456 videtur
760 4389 865 4474 fuisse,
898 4401 933 4458 ut
954 4393 1010 4459 ille
1033 4405 1214 4478 moreretur,
1243 4397 1300 4462 scd
1326 4417 1390 4463 non
1412 4403 1560 4464 accusato
1582 4395 1635 4460 vel
1658 4394 1818 4462 defensori
1839 4395 1920 4479 eins,

215 4497 272 4580 qni
294 4496 420 4562 disertis
443 4497 549 4564 verbis
572 4495 669 4584 (vet,
693 4495 779 4584 roo)
802 4507 836 4564 et
857 4500 1012 4566 medicum
1034 4513 1068 4570 et
1089 4503 1283 4590 propinquos
1310 4503 1423 4570 mortni
1450 4511 1595 4570 unctores
1618 4501 1726 4568 csedis
1749 4501 1845 4568 inisse
1868 4502 1919 4569 de·

215 4615 392 4670 monstrate
419 4604 558 4671 student.
614 4605 728 4689 Itaque
755 4606 853 4671 verba
874 4605 930 4672 ille
951 4603 1021 4694 (τόν
1043 4604 1162 4694 μιαρόν
1184 4611 1231 4698 τῷ
1252 4605 1358 4697 χρόνῳ
1381 4603 1563 4682 ἀποδόντες
1586 4609 1686 4698 φῆναι
1706 4617 1774 4684 τοῖς
1794 4605 1923 4692 ἔγγιστα

215 4715 432 4795 τιμωρεῖσθαι
472 4709 689 4798 ύπολείπετε)
723 4713 765 4780 ed
797 4713 952 4780 medicum
985 4716 1038 4782 vel
1080 4718 1121 4782 ed
1154 4717 1240 4802 ipsos
1271 4717 1464 4802 propinquos
1497 4715 1663 4783 referende
1695 4724 1778 4782 sunt.
1834 4713 1924 4794 Qnue

217 4817 392 4886 Maemneri
427 4818 599 4906 explicatio
631 4819 796 4906 probnndn
831 4829 890 4886 est.
948 4819 1013 4888 Sed
1039 4824 1119 4890 nlius
1141 4822 1275 4890 fortasse
1298 4822 1461 4908 scrupulus
1483 4831 1593 4890 restet
1648 4821 1792 4890 Rectene
1814 4823 1924 4890 dicere

216 4926 322 5012 potuit
344 4925 381 5004 is,
405 4927 458 5010 qui
478 4946 604 4992 censam
620 4925 668 4991 rei
682 4926 833 5012 suscepit:
857 4923 905 5014 μή
919 4922 975 4992 τόν
990 4933 1093 5012 φονέα
1109 4930 1282 5015 ζητοῦντος
1297 4923 1444 5006 κολάζειν
1459 4926 1517 4996 τόν
1531 4926 1682 5016 καθαρόν
1697 4923 1924 4997 α’ποιιτείνεινλ

218 5037 395 5100 Accusatus
418 5034 510 5116 enim,
534 5035 609 5117 quia
630 5033 664 5098 in
686 5033 895 5100 voluntarium
916 5035 1061 5102 exsilium
1083 5037 1215 5120 abierat,
1240 5037 1353 5123 cepitis
1376 5057 1480 5124 poena
1501 5037 1584 5104 effici
1606 5057 1670 5102 non
1692 5045 1830 5124 poterut
1875 5039 1924 5102 nt
