4672 5632
1154 478 1352 544 ..10-

390 686 605 760 Jernstedtins
625 687 710 754 idem
736 687 913 774 siguificare
940 697 1140 772 putaverunt,
1164 689 1249 774 quod
1271 685 1459 776 cooperitur
1483 691 1535 754 vel
1557 687 1756 774 πραβούλας.
1803 689 1891 768 Quae
1915 693 2002 759 notio
2027 713 2099 778 quo

387 795 588 867 niumubhoo
598 793 891 878 vocabuloprorsus
904 796 1015 864 abesse
1027 799 1094 864 visa
1106 807 1166 879 eat,
1178 798 1342 864 Dobraeus
1359 793 1553 880 mecastor
1560 797 1733 880 proposuit.
1757 796 1846 877 Quae
1858 809 1963 866 tumen
1978 802 2099 870 coniec-

389 902 1029 988 tmumihinonpmbatur3uamconsu1to
1041 905 1158 972 dictum
1181 897 1453 988 assecutum
1476 901 1531 966 καὶ
1546 897 1657 976 udins
1680 914 1714 970 ut
1736 905 1830 988 paulo
1853 915 1928 974 unte
1953 902 2099 988 ἀθέμιτα

389 1003 571 1084 memsam
594 1005 650 1072 καὶ
665 1003 819 1092 &dieuco
844 1007 900 1074 καὶ
924 1004 1112 1101 ἀνήκουστα
1136 1013 1190 1078 vel
1212 1005 1324 1082 (ἰθέως
1346 1007 1402 1074 καὶ
1423 1006 1562 1084 ἀκλεῶς.
1605 1010 1719 1096 Neque
1741 1007 1891 1080 Schoellii
1916 1014 2099 1080 coniectura

389 1109 519 1198 ἀνόμως
539 1115 593 1187 vel
614 1109 756 1190 ἀνοσίας
778 1135 856 1202 opus
880 1123 939 1184 est
1006 1109 1161 1199 Ἀβαύλας
1191 1125 1280 1184 recte
1302 1135 1338 1182 so
1364 1117 1470 1197 habet,
1502 1117 1595 1186 modo
1620 1118 1786 1200 reseratur,
1810 1140 1872 1205 quo
1895 1119 2098 1188 referendum

388 1229 448 1305 cst,
472 1221 595 1292 scilicet
616 1221 659 1288 ad
680 1215 841 1308 δεήσεται,
871 1243 935 1290 non
959 1222 1001 1289 ad
1024 1223 1295 1311 διαχρησαμένης.
1340 1222 1420 1290 Post
1441 1224 1703 1312 διαχρησαμένης
1730 1245 1800 1294 oum
1822 1224 1915 1294 Ture.
1938 1226 2098 1314 interpun-

390 1329 529 1416 gendum
551 1337 609 1396 oet

548 1438 693 1522 Apparet
714 1435 793 1504 baec
815 1436 929 1518 omnin,
951 1436 1212 1522 siintetralogiis
1226 1436 1418 1522 legerentur,
1435 1434 1610 1503 Hammcno
1630 1445 1664 1504 et
1679 1436 1899 1507 Hermerdeno
1914 1441 2096 1508 testimonio

388 1541 491 1610 futura
522 1543 618 1610 missa
649 1543 721 1610 illus
751 1543 964 1611 oratiunculas
995 1544 1037 1608 ab
1069 1544 1194 1610 homine
1220 1544 1372 1610 sermonis
1394 1542 1496 1610 Attici
1523 1542 1649 1609 minime
1671 1545 1775 1630 perito
1798 1565 1869 1614 esse
1892 1549 2096 1634 compositas.

387 1647 453 1716 Sed
474 1650 592 1716 rectius
613 1649 929 1718 aliter'iudicubitur.
975 1647 1009 1716 Si
1033 1651 1244 1732 concedimus,
1268 1649 1353 1734 quod
1376 1649 1613 1716 concedendum
1635 1659 1696 1732 cst,
1713 1652 1954 1740 Antiphontem,
1978 1655 2097 1740 quippe

388 1758 442 1843 qui
464 1757 492 1824 si
514 1777 577 1826 non
599 1755 728 1844 primus,
751 1763 839 1824 certe
860 1757 945 1825 inter
966 1757 1083 1844 primos
1104 1757 1256 1824 sermonis
1266 1757 1424 1844 pedestris
1446 1765 1558 1824 auctor
1572 1757 1707 1824 Athenis
1730 1760 1899 1844 exstiterit,
1922 1762 1956 1826 in
1979 1763 2094 1829 ceteris

387 1865 581 1932 orationibus
614 1864 711 1932 multa
744 1884 826 1932 nova
849 1863 1003 1930 vocabula
1029 1873 1063 1932 et
1089 1883 1188 1930 novas
1211 1865 1377 1930 verborum
1400 1864 1649 1930 constructiones
1671 1864 1801 1933 finxisse
1824 1875 1858 1933 et
1883 1869 2095 1954 usurpavisse,

387 1991 501 2054 nonne,
535 1972 623 2038 siin
647 1969 825 2056 tetralogiis
858 1971 972 2038 similis
1004 1981 1183 2054 occurrunt,
1206 1972 1290 2038 idem
1313 1971 1403 2038 nobis
1430 1971 1631 2038 statuendum
1653 1972 1724 2038 est?
1767 1970 1968 2042 Posteriores
1991 1984 2096 2042 autem

387 2079 560 2166 scriptores
571 2077 979 2146 Atticitaliaevitsverunt
1024 2078 1149 2146 Deinde
1159 2088 1265 2146 sutem
1275 2075 1486 2146 Βοαιιιιοιιιαι
1497 2079 1691 2164 temporibus
1703 2079 1883 2168 Dionysius,
1896 2081 2094 2164 Plutarchus,

388 2186 442 2252 ulii
464 2185 561 2252 multu
584 2193 617 2253 ct
639 2205 681 2252 ex
702 2184 888 2271 Thucydide
910 2192 944 2252 et
966 2206 1007 2252 cx
1028 2185 1226 2272 Antiphonte
1250 2193 1457 2270 sumpserunt.
1502 2183 1587 2250 Hinc
1611 2185 1727 2252 fuctum
1749 2195 1809 2270 est,
1825 2194 1861 2254 ut
1883 2188 1990 2270 mults,
2015 2209 2094 2272 quac

388 2293 473 2380 apud
493 2293 552 2360 hos
578 2293 732 2377 sequioris
765 2292 881 2360 aeteus
902 2291 1074 2379 scriptores
1096 2301 1233 2370 exstant,
1268 2291 1363 2358 etiam
1396 2291 1482 2378 apud
1504 2291 1733 2378 Antiphontem
1765 2295 1918 2381 reperias.
1976 2291 2095 2372 Quodsi

387 2401 421 2466 in
443 2400 620 2486 temulogiis
642 2398 734 2486 plura
756 2419 849 2484 quam
868 2399 901 2465 in
924 2401 1040 2468 ceteris
1062 2400 1256 2466 orationibus
1277 2399 1394 2478 mount,
1418 2418 1499 2482 quse
1520 2419 1540 2464 a
1560 2401 1714 2466 communi
1730 2401 1858 2468 dicendi
1872 2420 1992 2488 genero
2007 2423 2095 2470 rece·

387 2508 475 2588 dunt,
510 2507 544 2572 id
577 2507 738 2593 temporis,
772 2526 835 2590 quo
861 2507 1051 2593 tenulogdue
1078 2508 1217 2594 scriptae
1243 2525 1315 2572 esse
1337 2505 1494 2588 ridentur,
1528 2507 1652 2572 ratione
1674 2507 1783 2574 habitu
1806 2508 1883 2576 ustis
1906 2508 2095 2592 explicatur.

388 2613 498 2681 Multis
530 2621 635 2681 autem
667 2615 700 2680 in
734 2614 830 2682 rebus
864 2634 982 2680 suntme
1008 2613 1178 2680 similitudo
1203 2612 1374 2680 intercedit
1399 2613 1485 2680 inter
1510 2613 1696 2699 tetralogias
1719 2624 1753 2680 et
1774 2625 1899 2682 ceteras
1922 2617 2094 2682 orationes.

388 2720 435 2789 Ut
457 2742 496 2788 ea
518 2722 670 2802 omittam,
693 2740 775 2806 qnae
796 2720 930 2788 Bothins
958 2721 1140 2809 disputavit,
1173 2721 1236 2787 iam
1257 2719 1336 2786 illud
1370 2721 1447 2788 sutis
1473 2722 1583 2788 mirum
1610 2729 1669 2802 est,
1704 2721 1789 2806 quod
1815 2722 1904 2788 etin
1927 2723 2096 2808 tetralogia

386 2830 487 2912 primu
509 2835 542 2895 et
563 2829 597 2894 in
627 2827 738 2912 quintu
763 2828 905 2894 orations
938 2821 1084 2907 ἁγνεύειν
1109 2835 1291 2912 usurpatum
1313 2833 1364 2894 est
1386 2828 1443 2894 sub
1465 2828 1594 2894 notione
1616 2828 1707 2894 vorbi
1733 2825 1884 2911 α’γνὶζειι,
1918 2849 1989 2896 cum
2010 2831 2095 2913 apud

386 2954 493 3004 omncs
515 2935 594 3002 alios
616 2935 788 3018 scriptores
810 2952 936 3017 semper
956 2935 1073 3002 hebeat
1094 2936 1158 3000 vim
1181 2934 1420 3001 intuunsitivunt
1470 2933 1542 3000 Hoc
1565 2935 1684 3022 optime
1706 2935 1752 3002 itu
1775 2933 1961 3022 explicatur,
1994 2947 2029 3002 ut
2052 2937 2095 3003 di·

386 3063 492 3112 comm
514 3041 647 3110 eundem
670 3049 705 3107 et
726 3040 910 3125 tetralogius
932 3051 966 3106 ct
988 3041 1161 3108 orationem
1184 3042 1324 3126 quintam
1346 3042 1522 3127 scripsisse.

544 3147 744 3233 Temalogiss
766 3148 934 3233 perlegens
955 3148 991 3214 in
1013 3149 1204 3216 creberrimo
1219 3168 1277 3215 usu
1292 3149 1382 3216 serbi
1397 3144 1594 3217 καθιστάναι
1609 3150 1711 3232 haesi;
1735 3151 1864 3236 legitur:
1889 3153 2092 3233 Δα1,Αα10,

385 3255 1528 3339 Aci,saltam,ap11,art,syll,sts;Bc2,Bp11,Bylt,
1557 3256 1665 3340 Byl23
1701 3255 1780 3341 nrt.
1839 3259 1962 3324 Auctor·
1994 3259 2090 3342 igitur

385 3363 622 3449 tetralogiarum
651 3361 730 3428 illud
755 3362 886 3428 verbum
911 3361 1119 3428 libentissime
1142 3363 1314 3446 usurpavit.
1360 3361 1398 3426 In
1421 3363 1537 3428 ceteris
1559 3372 1664 3430 autem
1687 3365 1881 3431 orationibus
1904 3386 1967 3433 non
1990 3365 2090 3432 minus

385 3470 612 3556 frequentatur.
672 3467 828 3552 Imprimis
865 3490 935 3536 cum
972 3469 1081 3554 quinta
1118 3478 1153 3535 ct
1188 3477 1279 3536 sextu
1315 3468 1458 3534 oratione
1491 3469 1551 3538 hac
1589 3469 1621 3536 in
1658 3491 1694 3538 rc
1733 3471 1920 3556 tetralogise
1960 3493 2090 3557 congru·

385 3585 450 3646 unt
495 3575 610 3642 Exstat
623 3575 703 3644 illud
714 3575 844 3642 verbnm
858 3576 908 3643 his
922 3575 1014 3642 locis:
1038 3575 1097 3657 11,
1121 3575 1170 3642 12
1185 3574 1275 3663 (bis),
1298 3575 1358 3656 14,
1380 3574 1640 3661 15,114,124;
1665 3576 1696 3640 V
1712 3577 1762 3658 12,
1780 3577 1810 3642 V
1827 3579 1864 3644 17
1882 3577 1972 3663 (bis),
1997 3577 2089 3660 Vi9,

384 3685 417 3752 V
440 3684 494 3766 37,
517 3683 550 3746 V
573 3685 626 3764 61,
649 3681 682 3744 V
706 3682 761 3764 84;
784 3681 829 3746 Vl
855 3685 905 3764 11,
930 3681 975 3748 Vl
1000 3685 1052 3764 12,
1075 3682 1120 3748 Vl
1147 3681 1196 3766 13,
1221 3682 1265 3750 Vl
1290 3683 1341 3764 15,
1367 3682 1409 3748 Vl
1434 3682 1486 3752 47.

543 3861 716 3927 Veniamus
725 3859 766 3924 ad
776 3881 814 3926 ea
824 3869 1007 3944 argumento
1018 3862 1233 3944 examinanda,
1246 3861 1358 3946 quibus
1370 3861 1596 3946 Dittenbcrger
1606 3870 1776 3928 commotus
1787 3871 1845 3944 est,
1863 3871 1897 3928 ut
1907 3864 2091 3950 tetralogias

385 3970 630 4053 abAntiphontc
646 3963 852 4036 abiudicaret.
875 3965 943 4032 Iam
957 3965 1165 4034 Herucrucni
1180 3979 1372 4054 srgtrmenta,
1389 3989 1470 4053 quae
1480 3967 1872 4054 Dittcnbergerprobasit,
1891 3967 2094 4053 perlustravi-

385 4098 466 4161 mus;
500 4075 557 4144 sed
583 4085 683 4144 restat
709 4095 821 4144 novum
855 4085 1081 4161 argumentum,
1116 4076 1199 4159 quod
1223 4074 1457 4141 Herwcrdenus
1480 4096 1542 4140 non
1565 4075 1705 4159 protulit.
1752 4077 1838 4146 Dicit
1861 4077 1945 4142 enim
1968 4076 2093 4142 Ditten·

385 4185 501 4272 berger
522 4185 543 4252 l.
567 4185 604 4252 l.:
651 4183 762 4267 „Doch
788 4183 904 4269 glaube
931 4181 984 4248 ich
1007 4182 1128 4250 sowohl
1149 4182 1211 4248 den
1234 4181 1454 4265 sprachliohen
1479 4181 1602 4248 Beweis
1626 4183 1917 4268 veruollstindigen
1940 4183 1987 4250 als
2010 4185 2093 4250 auch

386 4313 442 4359 ans
475 4293 548 4360 dem
580 4291 761 4359 sachlichen
783 4288 890 4356 Inhalt
923 4289 981 4354 der
1001 4286 1114 4355 Redeo
1136 4289 1410 4356 Entscheidendes
1442 4309 1546 4376 gegen
1582 4291 1634 4356 dic
1658 4290 1809 4356 Echtheit
1838 4291 2026 4376 beibriugen
2054 4313 2091 4356 nu

385 4399 543 4466 konnen.“
588 4397 725 4468 Maxime
748 4395 916 4464 dolendum
938 4404 997 4477 est,
1025 4395 1110 4479 quod
1133 4394 1360 4482 Dittenberger
1381 4417 1443 4462 non
1468 4397 1595 4463 disertis
1620 4397 1724 4462 vernis
1749 4397 1839 4481 dixit,
1864 4419 2017 4483 quaenam
2041 4417 2092 4464 res

384 4508 418 4572 in
452 4505 628 4590 tetralcgiis
662 4513 816 4572 mactatae
849 4503 912 4569 sibi
945 4503 1109 4568 offensioni
1143 4503 1216 4569 sint.
1273 4502 1353 4568 Nam
1388 4513 1572 4588 argumenta
1595 4525 1636 4570 ex
1659 4503 1753 4570 rebus
1775 4506 1854 4588 ipsis
1870 4503 1983 4587 petita,
2007 4506 2034 4568 si
2057 4525 2092 4570 re

384 4633 460 4680 vern
479 4607 556 4678 talin
577 4611 682 4677 afferri
703 4619 843 4696 possent,
866 4609 937 4694 plus
956 4607 1089 4676 tortasse
1111 4609 1254 4676 valerent
1278 4629 1370 4694 quam
1393 4630 1474 4693 quac
1496 4609 1538 4677 de
1563 4609 1690 4676 dicendi
1713 4618 1831 4696 genere
1853 4609 2089 4698 tetralogiarum

386 4720 426 4786 ub
458 4717 676 4786 Heruerdeno
707 4726 741 4786 et
772 4715 977 4804 Hammeum)
1010 4717 1170 4800 disputate
1201 4724 1282 4785 sunt.
1347 4715 1414 4781 Iam
1448 4717 1593 4802 quonium
1621 4716 1848 4804 Dittenbergcr
1881 4739 1944 4784 non
1979 4727 2091 4801 aperte

404 4881 428 4950 ²)
446 4877 716 4952 nuperrimam.
736 4877 890 4937 Bmooknec
914 4893 1016 4936 summa
1043 4894 1103 4934 cum
1129 4877 1272 5004 ᾱῦἰὲοαιίι
1294 4877 1328 4934 ds
1345 4877 1453 4934 dicendi
1469 4895 1565 4950 genere
1583 4876 1663 4934 tetrsl
1700 4879 1707 4892 '
1758 4895 1784 4932 ιιι
1802 4878 1958 4950 utspotam.
1995 4876 2088 4934 Doleo.

439 4951 511 5023 quod
529 4951 684 5006 dissertatio
702 4951 759 5008 eius
778 4947 822 5019 (de
834 4947 983 5020 tetralogiis
996 4949 1161 5075 Antiphonti
1199 4945 1337 5006 hamnusio
1354 4949 1505 5020 adscriptis,
1525 4949 1673 5004 Bautzenl
1713 4947 1737 5005 7.
1757 4956 1857 5022 progr.)
1875 4967 1937 5009 sero
1954 4949 1988 5004 cd
2000 4965 2092 5016 manum

439 5037 513 5079 meat
530 5024 660 5094 pervenit.
695 5021 755 5088 Qus
771 5023 800 5076 in
817 5021 1005 5084 dissertstione
1015 5037 1064 5091 pro
1083 5019 1181 5075 andum
1200 5025 1243 5076 est
1260 5020 1331 5091 quod
1342 5019 1496 5075 Brueclsner
1512 5035 1566 5075 non
1576 5019 1648 5076 sicut
1658 5019 1799 5076 Publiuset
1810 5017 2003 5076 Herwerdenus
2013 5034 2088 5074 voca·

440 5093 512 5150 buliu
528 5095 646 5170 poeticis
663 5101 692 5149 et
709 5093 809 5150 ionicis
827 5094 931 5158 nititur,
957 5099 988 5146 ut
1008 5091 1164 5164 tetralogiss
1181 5093 1216 5148 ub
1235 5091 1403 5165 Antiphoute
1420 5091 1566 5151 &iudicet
1613 5089 1709 5164 Neque
1727 5091 1755 5150 ic
1773 5093 1884 5156 nuoue,
1909 5108 1991 5163 quum
2008 5096 2091 5146 tetra·
