4672 5632
1091 397 1290 461 ...4...

327 605 468 710 protulit,
493 625 574 690 quae
598 605 802 688 „labesoeute
825 606 949 672 domurn
965 605 1171 672 Graecitate“
1193 607 1328 693 reperiri
1351 607 1430 674 dicit
1452 627 1596 692 quaeque
1618 607 1648 673 ei
1671 628 1734 673 non
1753 606 1878 676 inutilia
1895 607 2041 676 videntur

327 711 368 778 ed
395 711 610 796 quaestionem
633 712 675 779 de
697 733 804 778 eanum
826 720 956 779 auctore
980 713 1223 780 diiudicandum.

488 820 537 884 Ac
559 819 693 905 primurn
720 819 846 903 quidem
874 819 950 885 mihi
979 821 1013 885 in
1041 820 1145 886 animo
1173 827 1224 886 est
1246 820 1288 886 ad
1309 841 1412 906 pauca
1433 821 1628 908 respondere
1651 842 1732 906 quae
1753 821 1883 888 Pablius
1905 819 2040 907 protulit

327 945 430 1009 neque
452 924 585 992 Bothius
608 927 686 992 satis
708 935 784 1013 apte
803 925 930 1010 refellit,
955 926 1071 993 deinde
1091 927 1133 996 ad
1148 947 1197 1010 ea,
1220 947 1301 1010 quae
1316 925 1561 1009 Her-merdanus,
1584 925 1787 1010 Hartmanus,
1811 928 2040 1013 Ditteuberger

328 1032 579 1118 disputaverunt,
604 1032 813 1099 examinanda
835 1033 1015 1120 aggrediar.

488 1137 555 1205 Sed
576 1147 671 1206 antea
694 1140 735 1206 de
758 1139 866 1206 indole
888 1150 985 1224 atque
1007 1148 1120 1212 natura
1139 1138 1249 1210 hamur
1263 1141 1448 1222 orationum,
1473 1161 1553 1224 quae
1570 1142 1760 1228 singularem
1774 1141 1878 1209 locum
1894 1142 2040 1209 obtinent

327 1247 360 1312 iu
383 1245 499 1311 litteris
523 1254 556 1312 et
578 1245 711 1313 Graecis
734 1253 768 1314 et
789 1245 950 1330 Romanis,
974 1269 1077 1334 pauca
1099 1247 1250 1314 dicamus.

488 1351 569 1418 Tres
593 1353 668 1419 illae
691 1353 880 1440 tetralogiae
903 1375 981 1439 quas
1003 1355 1154 1421 habemus
1178 1363 1347 1440 quaternas
1370 1354 1535 1421 continent
1557 1355 1770 1422 oratiunculas
1793 1376 1923 1440 quarum
1946 1355 2040 1422 binae

329 1460 514 1541 accusatori,
538 1459 632 1525 binae
655 1469 804 1526 accusato
826 1461 965 1526 tributae
988 1469 1068 1529 sunt.
1114 1461 1292 1528 Versantur
1315 1463 1347 1528 in
1368 1463 1471 1528 causis
1486 1461 1578 1529 fictis.
1624 1459 1844 1539 Quaerendum
1859 1471 1963 1528 autem
1979 1467 2038 1544 est,

329 1585 390 1649 quo
425 1565 557 1632 oonsilio
591 1568 730 1652 scriptae
761 1568 833 1632 sint.
887 1568 1020 1635 Bothius
1046 1569 1122 1635 iude
1145 1569 1228 1653 quod
1251 1570 1285 1634 in
1308 1569 1417 1652 quinta
1440 1579 1474 1635 et
1496 1578 1587 1635 sexta
1609 1570 1752 1635 oratione
1774 1570 1837 1636 loci
1862 1587 2040 1636 communes

328 1681 466 1754 exstant,
490 1692 568 1756 quos
591 1673 819 1759 Antiphontem
842 1674 903 1738 sibi
926 1676 1124 1762 conscriptos
1146 1675 1294 1742 habuisse
1318 1683 1452 1757 constat,
1476 1676 1662 1760 tetralogias
1685 1696 1747 1742 nou
1771 1685 1807 1742 ut
1828 1677 1867 1742 iis
1890 1676 1924 1741 iu
1948 1675 2039 1741 disci·

327 1779 411 1865 pulis
434 1779 615 1845 erudiendis
637 1787 788 1863 uteretur,
810 1781 871 1872 sed
893 1789 928 1847 ut
950 1782 984 1844 in
1007 1783 1111 1856 causis
1133 1782 1309 1848 tractandis
1332 1783 1402 1870 ipse
1425 1803 1459 1846 se
1483 1790 1649 1857 exerceret
1670 1783 1861 1870 compositas
1882 1803 1952 1851 esse
1969 1802 2040 1848 cou-

329 1885 414 1952 cludi
436 1905 531 1972 posse
555 1886 641 1953 dicit.
687 1885 791 1970 „Nant'
811 1885 906 1954 hoc“.
928 1885 1031 1971 inquit
1052 1885 1107 1954 ille'
1129 1911 1162 1975 p.
1185 1889 1228 1972 2.,
1259 1887 1406 1971 „minime
1429 1889 1645 1955 contenderim
1668 1911 1723 1956 eas
1745 1891 1913 1957 imitandas
1936 1891 1977 1955 ab
2000 1909 2039 1956 eo

327 1994 508 2080 propositas
536 2013 616 2076 csse,
651 2015 691 2060 ne
718 1995 751 2059 in
779 1995 982 2060 offensionem
1006 2015 1118 2084 eorum.
1144 1997 1309 2080 icaunam,
1345 1997 1399 2080 qni
1427 2017 1482 2062 eas
1504 1997 1559 2062 viu
1582 1997 1685 2062 tirone
1708 1997 1821 2082 dignas
1845 2017 1914 2062 esse
1938 1995 2040 2063 decla

328 2100 481 2165 mationes
504 2099 565 2165 sibi
588 2101 812 2186 persuaserint.
862 2101 967 2186 Magis
988 2091 1077 2184 ill'ud,
1102 2083 1130 2168 si
1152 2102 1380 2188 Antiphontem
1407 2125 1442 2168 re
1464 2124 1541 2169 vera
1563 2104 1605 2168 ad
1627 2103 1850 2190 discipulorum
1873 2124 1961 2168 usum
1985 2123 2039 2169 eas

329 2207 495 2293 scripsisse
522 2227 684 2293 ponamus,
708 2205 792 2294 lputo
820 2208 883 2274 dici
910 2229 1005 2295 posse
1039 2209 1216 2294 tetralogiis
1247 2209 1425 2276 accuratius
1448 2219 1482 2275 et
1503 2209 1672 2276 dilucidius
1695 2213 1909 2296 expositunrm
1932 2210 2038 2292 inisse,

328 2315 441 2398 quibus
474 2314 648 2380 rationibus
684 2314 826 2399 singulae
856 2336 970 2381 causae
997 2336 1102 2382 coram
1129 2313 1285 2382 iudicibus
1309 2316 1439 2383 tractari
1465 2325 1606 2403 possent,
1642 2315 1694 2382 vel
1721 2318 1796 2400 quid
1823 2313 1991 2383 intuentes'
2006 2325 2041 2382 et

328 2429 507 2508 prementes
530 2431 564 2486 et
585 2422 634 2486 rei
656 2429 690 2486 et
712 2421 913 2488 accusatores
936 2431 1045 2509 partes
1069 2441 1141 2488 suas
1163 2424 1284 2510 optime
1310 2433 1452 2508 agerent,
1488 2425 1540 2488 vel
1569 2423 1644 2508 quid
1673 2425 1844 2491 secuudum
1866 2425 1914 2490 rei
1937 2432 1970 2489 ct
1993 2443 2039 2489 se·

329 2529 463 2594 cundum
486 2527 679 2596 accusatoris
702 2549 827 2594 cansam
856 2527 1078 2614 disputandum
1109 2537 1205 2612 esset,
1239 2539 1276 2595 ot
1301 2531 1438 2596 iudicum
1461 2531 1556 2595 animi
1580 2530 1855 2596 conciliarentur.“
1902 2528 1937 2596 Si
1959 2532 2040 2596 haec

328 2657 405 2700 vera
428 2643 536 2701 essent
559 2644 592 2700 et
615 2636 642 2700 si
664 2656 699 2700 rs
722 2655 800 2701 vera
821 2644 929 2702 orator
951 2635 1067 2701 nullam
1090 2637 1132 2702 ob
1155 2638 1248 2703 aliam
1271 2657 1397 2704 causam
1420 2637 1600 2723 scripsisset
1623 2637 1818 2722 tetralogias,
1846 2639 1899 2721 qui
1923 2637 2040 2704 iactum

331 2754 389 2825 est,
413 2753 449 2808 ut
470 2742 589 2829 publici
611 2743 688 2807 iuris
710 2742 843 2809 fierent?
887 2740 948 2818 Qui
975 2742 1081 2808 Bothii
1104 2744 1293 2810 sententiam
1323 2744 1448 2831 probat,
1483 2744 1587 2810 iacere
1621 2765 1684 2809 nou
1718 2746 1847 2830 poterit,
1883 2745 1959 2829 quin
1981 2745 2039 2810 has

329 2849 541 2916 oratiunculas
552 2849 651 2914 invito
663 2849 861 2936 Antiphonte
873 2850 949 2936 post'
956 2850 1055 2935 ipsius
1067 2857 1197 2916 mortem
1209 2851 1312 2916 editas
1324 2857 1541 2934 essestatuat;
1565 2871 1637 2916 narn
1654 2851 1859 2917 clarissimum
1871 2851 1958 2918 illum
1970 2871 2039 2918 ora⁴

329 2963 439 3040 torem,
475 2957 562 3023 curius
590 2951 756 3044 δεινότητα
778 2955 881 3038 λέγειν
900 2955 1103 3042 Thucydides
1126 2955 1195 3042 (lib.
1211 2957 1290 3024 Vlll.
1315 2954 1373 3042 68)
1396 2957 1521 3022 sunrnris
1543 2956 1688 3024 laudibus
1710 2958 1811 3040 effert,
1835 2958 1937 3044 ipsum
1959 2959 2039 3024 baec

232 3121 236 3128 .
330 3065 479 3146 edidisse,
513 3083 596 3148 quae
630 3063 704 3146 „vix
731 3064 835 3128 tirone
858 3063 975 3148 digna“
1006 3070 1089 3146 sunt,
1123 3083 1215 3130 uerno
1242 3065 1303 3130 sibi
1330 3064 1545 3151 persuadebit.
1603 3063 1668 3130 Sed
1690 3063 1824 3130 Bothius
1846 3066 1880 3130 iu
1903 3085 1942 3132 eo
1964 3065 2039 3130 milri

328 3171 456 3237 videtur
500 3169 597 3236 iabus
641 3189 713 3236 esse
758 3171 842 3253 qnod
879 3168 993 3236 Pahlio
1030 3179 1160 3240 auctore
1198 3171 1382 3256 tetralogias
1420 3171 1665 3238 declamationes
1699 3173 1753 3237 vix
1788 3173 1891 3238 tirone
1927 3172 2039 3256 dignas

330 3299 401 3345 esse
445 3286 537 3364 putat
581 3285 615 3342 et
659 3283 826 3360 oratorem,
880 3279 907 3342 si
956 3279 997 3344 ad
1054 3277 1277 3364 discipulorum
1330 3298 1418 3344 usum
1467 3279 1717 3364 conscripsisset,
1763 3281 1867 3345 omnia
1914 3279 2039 3365 plenius

331 3394 365 3453 et
386 3386 564 3474 aooupatius
586 3385 800 3472 expositurum
821 3383 918 3450 fuisse
941 3386 1061 3452 statuit.
1107 3384 1146 3450 In
1167 3384 1366 3451 inveniendis
1389 3394 1485 3468 atque
1508 3387 1727 3470 excogitandis
1742 3387 1935 3471 argumentis
1951 3387 2040 3452 nnti-

330 3493 444 3580 phonti
490 3509 601 3558 causas
645 3489 787 3556 forenses
831 3493 939 3576 agenti
980 3493 1080 3558 omnis
1121 3493 1170 3558 vis
1211 3493 1316 3558 inesse
1353 3493 1522 3557 videbatur
1557 3493 1612 3574 ita,
1656 3500 1692 3558 ut
1729 3493 1762 3558 in
1798 3493 1859 3560 hac
1895 3493 1966 3578 ipsa
2003 3513 2040 3558 re

331 3619 479 3666 summanr
494 3599 557 3665 sibi
570 3598 702 3683 gloriam
718 3607 917 3685 compararet
930 3597 1011 3684 (vita
1021 3599 1154 3685 Antiph.
1170 3600 1203 3663 in
1220 3600 1271 3664 ed.
1283 3597 1451 3665 Blassiana
1466 3621 1499 3684 p.
1515 3597 1669 3665 XXXIV.
1686 3597 1707 3686 ξ
1725 3598 1781 3684 8.).
1805 3597 2040 3676 Quamobrem

330 3708 426 3774 etiarn
455 3707 489 3771 in
516 3705 617 3772 bibus
646 3705 711 3770 illis
738 3704 841 3771 caune
864 3703 957 3786 flotin
992 3725 1070 3789 quas
1093 3704 1256 3792 discipulis
1278 3705 1446 3771 imitandas
1469 3727 1539 3772 eum
1562 3706 1764 3792 proposuisse
1787 3704 1957 3771 verisimile
1979 3711 2039 3786 est,

330 3817 364 3880 in
386 3821 643 3899 argumentorum
661 3811 846 3878 inventione
866 3831 989 3878 omnem
1012 3831 1142 3898 operam
1164 3811 1334 3878 collocavit
1355 3833 1459 3896 neque
1482 3813 1568 3878 aliud
1591 3813 1761 3896 quidquam
1783 3813 1860 3897 egit,
1889 3831 1982 3895 qnam
2004 3818 2040 3877 nt

331 3929 524 4006 argumenta,
552 3937 634 4003 qnae
656 3928 691 3984 et
712 3925 879 3985 accusator
893 3925 927 3985 et
948 3937 1022 3984 reus
1044 3939 1103 4005 pro
1119 3939 1176 3985 sus
1190 3927 1284 4006 parte
1305 3919 1418 3985 afferre
1439 3926 1581 4005 possent,
1609 3919 1719 4006 paucis
1742 3919 1955 3986 adumbraret.
2001 3918 2040 3984 ld

331 4037 436 4095 autern
457 4028 568 4094 mirum
591 4043 748 4092 essenon
770 4033 887 4112 potest,
910 4027 996 4109 quod
1018 4034 1213 4112 argumenta,
1243 4045 1325 4110 qnae
1346 4025 1476 4112 profert,
1504 4026 1596 4091 nimis
1618 4025 1790 4092 mdfidosa
1811 4035 1845 4091 et
1867 4025 2041 4112 sophistica

331 4144 413 4218 eunt,
448 4135 524 4219 quia
557 4153 620 4200 non
650 4133 750 4199 solum
766 4132 862 4220 apud
889 4132 969 4198 alios
991 4141 1134 4200 oratores
1156 4133 1270 4199 similia
1291 4143 1470 4216 occurrunt,
1505 4132 1562 4198 sed
1585 4132 1680 4198 etiarn
1702 4131 1737 4197 in
1759 4131 1869 4215 quinta
1891 4141 2039 4198 etsexta

331 4244 474 4318 oratioue
508 4249 542 4308 et
575 4241 649 4325 qnia
681 4241 771 4326 ipsae
805 4257 921 4306 musae
948 4239 989 4306 de
1017 4239 1172 4306 industria
1198 4241 1245 4304 ita
1265 4239 1359 4306 fictae
1382 4249 1455 4306 sunt
1477 4249 1521 4321 ut,
1546 4259 1627 4323 qnae
1648 4239 1785 4305 inveniri
1807 4244 1841 4304 et
1864 4237 2039 4322 excogitari

331 4359 472 4436 possent,
495 4347 669 4435 sophistica
691 4355 725 4412 et
746 4345 918 4413 artilidosa
940 4362 1011 4412 esse
1033 4367 1166 4414 necesse
1188 4354 1283 4414 esset.
1329 4343 1427 4422 Quam
1451 4347 1575 4412 obrem
1596 4346 1671 4412 mihi
1695 4365 1758 4412 non
1773 4345 1900 4412 videtur
1910 4345 2039 4410 dubium

331 4475 412 4538 esse,
443 4456 519 4540 quin
547 4455 737 4542 analogias
758 4455 898 4540 scriptae
920 4441 993 4536 siut,
1023 4460 1058 4520 ut
1080 4454 1120 4519 iis
1142 4454 1195 4537 qui
1217 4459 1319 4519 artem
1340 4451 1530 4518 rhetoricam
1553 4451 1703 4538 amplecti
1725 4459 1760 4518 et
1782 4469 1894 4517 causas
1916 4451 1948 4516 in
1971 4449 2039 4518 toro

330 4583 427 4649 agere
448 4563 501 4628 vel
523 4561 683 4629 eradonas
704 4579 763 4648 pro
786 4559 1021 4626 aliis-scribere
1042 4559 1172 4644 vellent,
1196 4561 1286 4644 quael
1308 4559 1456 4646 exemplu
1477 4567 1738 4646 proponerentur.

492 4665 557 4734 Sed
579 4669 660 4736 haec
681 4687 746 4734 uon
767 4668 896 4734 multum
919 4665 1039 4734 iaciunt
1054 4666 1096 4732 ad
1115 4653 1331 4751 quaestionem
1345 4666 1388 4732 de
1403 4671 1532 4732 ancmre
1547 4665 1785 4751 temdomarnm
1800 4663 2043 4732 diiudicmdam.

331 4776 510 4843 Versantur
529 4775 628 4861 igitur
649 4773 725 4841 illae
747 4775 907 4841 orationes
928 4773 1090 4840 incensis
1111 4773 1207 4857 lictis,
1230 4773 1288 4840 sed
1310 4791 1373 4838 non
1395 4779 1432 4837 ut
1454 4772 1699 4840 declamationes
1713 4772 1899 4861 posterioris
1914 4771 2040 4856 oetaba

332 4865 412 4969 quoe
435 4882 470 4950 in
491 4883 574 4950 ludis
597 4882 728 4949 macari
750 4878 897 4949 solebant
923 4891 958 4950 et
979 4881 1020 4948 ab
1044 4881 1128 4948 omni
1149 4899 1208 4947 usu
1229 4879 1346 4946 lorensi
1369 4897 1467 4964 saepe
1489 4879 1584 4966 plane
1606 4879 1830 4962 abhorrebant,
1854 4896 1961 4946 rerum
1984 4879 2040 4959 ita,

330 4999 367 5056 ut
385 5010 428 5058 ea
449 5006 531 5074 quae
553 4995 731 5057 necantur
751 4989 893 5076 perbene
913 4983 947 5054 in
966 4989 1033 5056 rita
1048 4987 1208 5056 cotidiana
1222 5004 1388 5056 occurrere
1402 4987 1545 5074 possent.
1567 4986 1620 5051 ab
1635 4986 1833 5072 Antiphoute
1848 4982 2042 5050 Rhamnusio
