4672 5632
1110 531 1310 596 ..6-

349 745 449 830 αἰτίᾳ·
472 745 622 830 φαίνεται
642 741 703 829 μὲν
722 726 784 812 criu
806 737 983 831 α’μφότορα
1005 739 1127 826 εἰκότα,
1149 741 1216 810 ἔστι
1238 740 1274 810 δὲ
1295 740 1334 808 τὸ
1357 740 1418 827 μὲν
1430 738 1529 822 εἰκός,
1549 737 1585 808 τὸ
1601 738 1638 809 δὲ
1652 735 1696 809 ου’
1696 765 1717 824 χ
1732 739 1845 818 ἅπλῶς
1859 736 1934 807 a’lt’
1950 735 2060 829 ὥσπερ

350 849 483 938 εἴρηται.
536 849 640 918 Unum
670 851 798 918 afferam
823 850 1002 938 exemplum
1029 870 1091 935 qno
1113 847 1149 916 sd
1172 845 1260 923 siais
1281 851 1315 916 in
1336 849 1514 934 tetralogiis
1536 849 1647 917 eodem
1669 850 1764 917 modo
1786 849 1961 917 adhibitum
1984 867 2056 916 esse

350 957 593 1026 demonstretur:
627 962 653 1022 A
676 961 698 1041 β
720 958 751 1040 3,
787 967 952 1044 postquam
982 965 1148 1024 accusator
1177 955 1258 1022 dixit
1280 955 1451 1022 consimile
1473 975 1545 1023 esse
1567 958 1609 1023 ab
1631 965 1781 1024 accusato
1803 965 1937 1044 propter
1958 957 2061 1023 inimi·

350 1067 451 1148 sitias,
488 1086 569 1150 quae
603 1066 689 1132 inter*
714 1085 786 1131 eum
811 1071 846 1130 et
871 1064 1029 1130 hominem
1050 1061 1250 1130 interiectum
1272 1065 1529 1145 intercesserant,
1554 1063 1684 1130 caedem
1706 1072 1864 1151 pobatam
1886 1083 1968 1147 esse,
1992 1064 2059 1146 ille,

350 1173 496 1254 quoniam
517 1181 650 1259 propter
663 1171 744 1238 illus
765 1170 949 1237 inimicitias
969 1190 1005 1237 se
1027 1172 1060 1236 in
1083 1169 1294 1258 suspicionem
1316 1179 1481 1236 venturum
1505 1189 1577 1237 esse
1599 1169 1802 1258 providisset,
1826 1191 1936 1237 manus
1959 1189 1994 1238 se
2017 1172 2062 1238 ab

349 1277 474 1344 homine
496 1277 552 1344 illo
574 1277 753 1344 cohibuisse
776 1277 968 1361 caedemque
990 1278 1031 1344 ab
1054 1276 1118 1344 alio
1134 1277 1327 1344 commissum
1343 1297 1415 1344 esse
1429 1277 1528 1344 multo
1542 1278 1745 1364 verisimilius
1757 1277 1860 1344 videri
1874 1279 2060 1366 respondet.

348 1382 502 1451 Videmus
524 1385 624 1470 igitur
642 1386 704 1452 hic'
717 1385 773 1466 ita,
794 1393 831 1452 ut
854 1383 1006 1451 Coracem
1028 1384 1231 1470 praecepisse
1246 1382 1438 1450 Aristoteles
1460 1392 1579 1466 narret,
1604 1393 1789 1470 argumenta
1810 1385 1852 1450 ab
1872 1393 2060 1451 accusatore

348 1491 445 1556 allata
478 1493 511 1556 in
544 1511 632 1557 suum
659 1503 783 1578 partem
805 1490 847 1556 ab
870 1499 1018 1558 seuusato
1041 1491 1235 1574 detorqueri.
1281 1487 1401 1568 Quodsi
1427 1491 1490 1556 iam
1506 1498 1581 1557 ante
1596 1491 1803 1576 Antiphontis
1819 1497 1957 1558 aetatem
1974 1491 2058 1578 apud

350 1595 472 1668 Siculos
495 1597 573 1664 talia
595 1609 779 1684 argumenta
801 1597 834 1662 in
856 1618 915 1664 usu
936 1606 1037 1679 eram,
1061 1596 1148 1664 nulla
1171 1607 1222 1663 est
1243 1615 1347 1678 cansa,
1372 1616 1428 1662 cur
1450 1597 1640 1683 Antiphonti
1664 1617 1704 1664 ea
1726 1597 1927 1681 denegemus.

507 1703 620 1789 Neque
643 1715 776 1792 propter
797 1703 987 1790 sophisticas
1010 1703 1160 1789 argutias,
1189 1723 1271 1788 quae
1287 1702 1400 1770 Pshlio
1421 1705 1529 1771 toedio
1553 1715 1636 1788 sunt,
1664 1705 1853 1790 tetralogus
1868 1705 2060 1791 Antiphonti

348 1812 576 1878 abiudicandae
587 1822 670 1878 sunt.
704 1811 837 1878 Talibus
848 1811 980 1897 anguiis
991 1811 1073 1877 enim
1085 1819 1227 1877 oratores
1242 1829 1352 1876 carcre
1372 1830 1436 1876 non
1451 1811 1592 1898 potuisse
1608 1812 1702 1878 etiam
1722 1832 1763 1878 en
1785 1812 1896 1896 quinta
1918 1821 2064 1879 etsexta

348 1919 491 1985 oratione
514 1920 731 2004 cognoscimus
754 1916 811 2004 (V.
836 1917 890 1983 39.
912 1918 966 1986 40.
988 1917 1070 2002 bh).
1117 1917 1220 1983 nciam
1243 1917 1277 1982 lu
1295 1917 1359 1982 illis
1375 1918 1569 1984 orationibus
1584 1925 1770 2003 argumenta
1793 1913 1830 1982 ἐκ
1852 1919 1914 1984 τοῦ
1936 1915 2064 1994 εἰκότος

349 2026 515 2112 desumpta
536 2027 668 2112 primum
690 2026 837 2091 obtinent
858 2024 972 2108 locum,
995 2043 1173 2109 quanquam
1195 2033 1303 2091 orator
1324 2025 1358 2089 iu
1373 2024 1420 2090 eie
1442 2045 1507 2090 non
1530 2045 1568 2090 eo
1584 2025 1731 2111 procedit
1745 2045 1808 2109 quo
1823 2026 1856 2092 in
1872 2025 2062 2109 tetralogiis,

349 2133 495 2214 quoniam
516 2151 580 2198 non
603 2131 767 2218 discipulis
789 2132 972 2198 erudiendis
994 2131 1145 2214 serviunt,
1170 2131 1227 2198 sed
1249 2133 1284 2198 in
1305 2132 1425 2198 indicio
1448 2132 1577 2198 habitae
1600 2139 1681 2197 sunt.

509 2239 547 2303 In
571 2237 749 2324 ten-elogiis
770 2247 879 2309 emtor
912 2238 1028 2304 nullam
1062 2237 1130 2304 iere
1157 2239 1254 2304 habet
1282 2239 1438 2304 rationem
1460 2239 1719 2304 testimoniorum.
1766 2237 1870 2304 Etiam
1896 2237 1928 2304 in
1953 2239 2064 2322 quinta

349 2345 491 2411 oratione
526 2343 584 2429 (V.
612 2345 666 2412 23.
701 2343 760 2431 24)
787 2355 896 2412 orator
917 2365 959 2412 ex
991 2345 1174 2412 testimonio
1207 2345 1305 2412 allato
1339 2365 1402 2411 non
1433 2365 1502 2410 eam
1525 2345 1613 2430 capit
1635 2343 1805 2410 utilitatem
1828 2364 1920 2427 qnam
1944 2363 2062 2431 capere

348 2453 489 2536 potuisse
522 2452 614 2518 nobis
639 2452 776 2518 videtur.
832 2449 945 2536 Neque
965 2452 999 2517 id
1022 2452 1146 2535 mirum;
1169 2471 1242 2516 nam
1263 2453 1297 2517 in
1320 2451 1424 2518 causis
1447 2471 1528 2534 quae
1550 2450 1592 2515 ad
1616 2451 1746 2517 caedem
1767 2451 1972 2536 pertinebant
1993 2451 2058 2536 ple

347 2578 478 2642 rumque
499 2579 566 2624 rem
588 2558 755 2642 agentibus
778 2567 963 2644 argumenta
985 2579 1027 2624 ex
1061 2558 1334 2624 consimilitudine
1367 2558 1534 2644 desumpta
1557 2557 1625 2623 sola
1647 2556 1823 2642 spectanda
1845 2567 1946 2622 erant.
2000 2555 2062 2622 Ne-

349 2685 409 2748 que
437 2675 543 2731 tamen
571 2685 651 2750 opos
677 2663 804 2731 videaur
825 2685 897 2732 esse
918 2663 1063 2750 pluribus
1084 2665 1126 2732 de
1148 2666 1209 2732 hac
1230 2685 1267 2732 re
1289 2685 1395 2750 agere,
1419 2665 1453 2730 in
1475 2685 1539 2748 qua
1560 2663 1691 2730 Publius
1712 2684 1776 2728 non
1799 2665 1986 2748 cognovisse
2009 2683 2062 2729 na·

347 2779 449 2837 turam
472 2779 569 2856 atque
589 2771 729 2838 indolem
751 2771 989 2856 tetralogiarum
1012 2772 1190 2838 censendus
1213 2780 1274 2840 est.

509 2876 574 2946 Sed
596 2878 693 2945 etiam
715 2884 901 2962 argumenta
922 2897 963 2944 ex
985 2877 1115 2944 dicendi
1137 2898 1255 2964 genere
1269 2879 1374 2967 petita
1389 2877 1519 2944 Pahlins
1534 2876 1677 2965 protulit,
1702 2879 1814 2962 quibus
1830 2877 2064 2943 demonstraret

347 2985 533 3070 tenalogias
562 2985 604 3051 ab
625 2984 826 3072 Antiphonte
860 2983 1087 3051 ahiudicnndes
1125 3003 1206 3050 esse.
1262 2984 1404 3052 Offendit
1425 2985 1458 3050 in
1481 2985 1645 3070 permultis
1667 2984 1798 3052 vocibus
1821 2992 1855 3050 et
1877 2982 2061 3050 elocutioni·

346 3095 405 3158 bus
439 3113 521 3177 qnae
553 3112 573 3157 a
606 3091 767 3179 pedestris
794 3091 946 3157 credonis
978 3091 1186 3179 scriptoribus
1216 3092 1371 3158 recedunt
1404 3100 1438 3158 et
1460 3099 1625 3178 poetarum
1646 3111 1733 3158 more
1756 3091 1862 3157 dictae
1885 3099 1968 3159 sunt.
2014 3092 2060 3155 At

345 3201 408 3266 iam
430 3198 594 3266 Maetrner
615 3220 647 3286 p.
675 3197 732 3264 Vll
756 3197 906 3266 editionis
934 3219 1009 3266 suae
1032 3198 1207 3265 rectissime
1223 3197 1319 3266 dicit:
1342 3218 1435 3265 nemo
1451 3199 1637 3282 „mirabitur
1651 3198 1691 3263 ab
1707 3197 1825 3264 usitate
1839 3217 2059 3280 nonnunquam

347 3307 514 3372 verborum
537 3305 765 3372 consuetudine
786 3305 940 3372 recedere
962 3315 1058 3390 atque
1077 3306 1253 3392 priscorum
1268 3306 1435 3372 verborum
1449 3305 1656 3372 amantiorem
1671 3324 1743 3372 esse
1758 3313 1909 3386 nostrtrm,
1933 3303 2063 3391 poetici-

348 3432 409 3495 qne
432 3413 585 3478 sermonis
608 3419 642 3478 st
663 3412 849 3496 tragoediae
872 3413 962 3496 sequi
990 3413 1140 3498 vestigia:
1175 3412 1293 3498 qnippe
1321 3413 1374 3496 qni
1395 3411 1500 3499 poetis
1526 3432 1601 3478 nens
1627 3412 1669 3478 sit
1690 3413 1860 3498 magistris,
1896 3418 2062 3492 ntnarrat

347 3529 458 3588 auctor
478 3521 565 3586 vitae
588 3518 721 3606 Antiph.
741 3541 773 3606 p.
793 3523 821 3584 l.
844 3525 914 3592 τοῖς
935 3515 1000 3600 πρὸ
1024 3512 1128 3584 αὐτοῦ
1150 3515 1186 3584 δὲ
1207 3513 1350 3602 ἑντοχώο
1358 3519 1496 3603 βιβλίοις
1506 3515 1561 3583 καὶ
1571 3525 1639 3592 τοῖς
1647 3520 1709 3582 τῶν
1719 3518 1860 3604 ποιητῶν
1868 3511 2007 3601 μάλιστα
2017 3513 2064 3586 ele

346 3631 501 3696 τοσοῦτον
539 3625 691 3714 προῆλθε
729 3621 943 3714 δεονότητος.“
989 3623 1102 3710 Neque
1135 3625 1319 3692 Aristotelia
1350 3625 1449 3691 verba
1476 3625 1538 3692 hoc
1575 3623 1647 3692 loeo
1680 3625 1822 3692 ominem
1845 3623 1944 3709 (rhet.
1970 3621 2060 3690 llll

346 3736 380 3800 in
411 3731 503 3819 fine):
530 3763 546 3799 ·.
570 3780 579 3798 .
604 3781 646 3799 ..
679 3723 829 3820 ποιητικὴ
861 3728 971 3820 πρώτη
1005 3727 1128 3814 ἐγένετο
1160 3731 1255 3816 λέξις,
1288 3723 1358 3799 οἷον
1386 3729 1405 3820 ἦ
1429 3731 1577 3815 Γοργίου.
1623 3728 1679 3796 καὶ
1702 3731 1762 3798 οὖν
1783 3728 1829 3797 ἔτι
1859 3727 1978 3795 πολλοὶ
2001 3727 2064 3794 τῶν

347 3836 548 3922 ἀπαιδεύτων
569 3835 646 3918 τούς
667 3831 830 3910 τοιούτους
853 3837 976 3905 οἴονται
999 3837 1209 3920 διαλέγεσθαι
1224 3835 1386 3905 κάλλιστα.
1431 3839 1596 3926 Antiphon
1618 3846 1723 3904 numm
1745 3856 1862 3925 parens
1881 3843 1978 3920 atque
1993 3853 2064 3901 eon·

349 3950 434 4016 ditor
455 3957 507 4014 est
527 3945 714 4014 iuridicialis
736 3944 864 4014 dicendi
885 3945 1028 4030 generis3
1050 3965 1116 4013 non
1137 3945 1235 4032 igitur
1255 3946 1366 4012 mhum
1388 3953 1439 4012 eet
1461 3945 1546 4030 quod
1560 3943 1658 4011 mults
1673 3943 1758 4032 apud
1774 3964 1844 4010 eum
1858 3942 2062 4030 reperiuntur

348 4075 430 4140 quae
453 4075 473 4120 a
494 4055 724 4142 posterioribus
746 4053 867 4122 ssiteta
888 4061 972 4118 sunt.
1018 4052 1191 4120 Praeterea
1211 4052 1354 4136 Publius,
1378 4073 1447 4119 cum
1470 4053 1512 4118 de
1534 4051 1773 4136 tetralogiarum
1792 4049 1920 4116 dicendi
1943 4067 2063 4134 genere

348 4173 468 4248 ageret,
505 4161 623 4229 nnllam
652 4161 720 4228 fere
746 4159 900 4227 rabonem
922 4159 1034 4228 habuit
1055 4158 1245 4244 reliquarum
1268 4159 1475 4247 Antiphontis
1497 4159 1682 4226 orationum.
1728 4157 1907 4225 Occurmnt
1929 4175 2006 4224 sane
2028 4158 2062 4222 in

349 4269 528 4355 tetralogiis
562 4267 661 4334 multe
693 4265 849 4333 vocabula
878 4285 960 4350 qnae
989 4267 1074 4352 apud
1097 4263 1191 4333 alium
1213 4266 1401 4354 scriptorem
1423 4286 1486 4333 non
1508 4265 1720 4350 inveniuntur,
1754 4266 1811 4334 sed
1834 4272 1956 4331 nunnus
1977 4263 2063 4350 apud

349 4385 463 4466 poetas
497 4367 634 4442 essunt.
693 4375 739 4440 At
771 4373 867 4439 etium
894 4373 929 4439 in
956 4375 1067 4459 quinte
1089 4383 1123 4441 st
1144 4381 1237 4440 sexta
1258 4373 1403 4442 oratione
1425 4373 1523 4439 multa
1545 4371 1660 4439 similia
1682 4372 1824 4458 legimns.
1870 4369 1971 4450 Quam
1992 4389 2060 4436 rem

348 4493 457 4568 totam,
481 4501 552 4549 cum
573 4483 693 4568 optime
715 4479 850 4547 Bothius
872 4503 905 4568 p.
931 4481 984 4547 10.
1009 4501 1056 4566 sq.
1080 4481 1267 4548 saturent
1289 4489 1324 4548 et
1344 4501 1384 4548 es
1406 4499 1487 4565 quse
1502 4478 1632 4546 Publius
1652 4479 1786 4566 protulit
1799 4486 1890 4546 recte
1904 4477 2063 4558 micuerit,

346 4593 410 4658 ism
431 4586 721 4677 praetermittamus
743 4596 778 4656 et
800 4588 842 4654 ad
864 4589 929 4656 alis
950 4597 1154 4656 transetum

510 4693 745 4762 Hcrwerdenus
778 4696 862 4761 eninr
896 4693 1080 4762 nouaclum
1111 4694 1233 4780 ¹poetici
1260 4693 1412 4760 sermonis
1437 4693 1594 4761 vocabule
1618 4692 1735 4777 attulit,
1774 4692 1831 4760 sed
1856 4694 1952 4759 etism
1965 4707 2064 4758 voces

347 4801 550 4873 Herodoteas
583 4810 618 4868 et
649 4799 787 4870 labentis
820 4800 1016 4868 Graecitatis
1053 4800 1169 4867 formas
1197 4797 1403 4884 enumerarit,
1438 4802 1551 4886 quibus
1595 4799 1804 4886 „tetralogias
1838 4819 1901 4866 non
1936 4797 2065 4866 saeculo

349 4911 458 4998 quinto
480 4930 510 4978 a
534 4906 609 4975 chr.
634 4929 655 4974 a
681 4927 830 4994 germano
864 4907 1019 4994 scriptore
1042 4906 1161 4990 Attico,
1195 4907 1254 4974 scd
1289 4906 1367 4974 satis
1400 4908 1524 4974 recenti
1550 4913 1657 4973 aetate
1686 4905 1728 4972 ab
1754 4906 1885 4973 homine
1899 4902 2064 4992 (lomoni)

349 5017 501 5086 sermonis
524 5013 627 5084 Attici
652 5032 716 5086 non
743 5013 933 5104 peritissimo
959 5033 1031 5083 esse
1059 5015 1270 5102 compostum
1293 5013 1455 5102 probaret.
1512 5011 1561 5080 Ea
1593 5031 1675 5098 qnae
1698 5011 1863 5090 adnotavit
1884 5012 1989 5084 omnnia
2009 5029 2066 5078 ex-

350 5127 486 5193 scribam
516 5109 649 5190 necesse
682 5131 742 5189 est.
796 5122 898 5190 Dicit:
933 5119 1028 5204 „an
1061 5121 1315 5189 retemtas
1347 5115 1601 5207 ἐπεξερχόμενοι
1632 5119 1750 5186 dictum
1783 5137 1843 5207 pro
1880 5113 2065 5197 ἐπεξιόντος
