4672 5632
1122 455 1321 524 ..13-

357 673 503 742 omno
536 673 667 740 ossen
699 679 845 758 pune
875 672 1003 740 osen.
1056 671 1163 738 ιιιια
1187 671 1272 738 orn
1298 671 1397 736 vos.
1419 669 1519 751 μιιια
1541 651 1587 736 ὦ,
1609 663 1719 756 teau
1741 661 1927 755 πραιιμῇ
1948 664 2069 734 ravos

357 773 479 866 διιχία
502 771 541 847 ὃν
562 770 627 844 otiu
660 773 790 868 ἤθελεν
821 769 1014 844 ommno
1035 777 1190 864 explieari
1209 795 1275 844 nou
1295 784 1441 864 possunt.
1484 774 1626 842 Blessius
1649 773 1699 842 his
1721 774 1828 841 verbis
1846 773 1974 844 videto
1988 793 2069 841 eom·

357 893 461 954 metm
483 897 565 968 oess,
587 891 625 952 ot
646 885 741 951 etism
768 900 833 963 eos,
868 882 924 967 qui
956 880 1031 949 ιιαιιΙ
1046 884 1192 952 oonsnito
1213 884 1351 968 aliquem
1380 881 1626 965 interfecissent,
1660 881 1820 948 interdum
1841 883 1875 948 in
1896 884 2067 968 Areopago

358 1013 484 1060 musam
519 991 639 1058 dixisse
670 997 802 1078 putaret
825 987 1035 1075 (desehiohte
1067 991 1126 1057 der
1151 991 1309 1058 sttisehen
1330 989 1575 1056 Beredssmkeit
1602 1009 1637 1076 p.
1661 989 1735 1056 154.
1761 987 1860 1074 160.)
1909 986 1975 1054 Sed
2002 1007 2069 1054 reo

357 1100 481 1168 mnne
503 1097 643 1187 Phihppi
673 1097 761 1164 iilum
788 1097 905 1164 Biossii
938 1097 1126 1164 senteutiam
1158 1098 1300 1180 reioeoit,
1333 1085 1453 1184 quippe
1484 1113 1566 1181 quoe
1593 1095 1716 1183 legibue
1748 1095 1790 1161 de
1812 1090 1906 1182 φόνῳ
1928 1093 2068 1180 ἑκουσίῳ

357 1205 485 1274 mm
506 1212 690 1396 110)ᾟὶ
712 1328 786 1378 rens
807 1309 970 1398 inpriore
991 1309 1177 1377 deieusione
1203 1327 1257 1377 ex‘
1272 1309 1356 1396 iege,
1387 1329 1468 1394 quoe
1493 1303 1549 1374 edu
1570 1302 1854 1392 empooteooooro
1876 1305 1913 1393 (i.
1935 1327 1965 1374 e.
1987 1325 2069 1389 enm,

358 1419 413 1504 qni
435 1417 577 1485 oomoito
599 1418 736 1503 odonem
757 1417 934 1504 interierit)
956 1413 1085 1482 κελεύει
1108 1419 1211 1502 φονέα
1233 1403 1327 1497 εἶναι,
1351 1435 1387 1482 se
1407 1416 1534 1481 minime
1558 1414 1760 1482 oondemnuri
1782 1431 1877 1503 posse
1893 1413 2068 1497 oonteodit,

357 1533 525 1592 amentor
554 1525 647 1590 nimis
680 1524 823 1610 eaptiosu
845 1521 1116 1608 argumentatione
1137 1541 1213 1590 nens
1235 1523 1314 1589 hoeo
1335 1522 1403 1588 iere
1425 1523 1505 1588 dioit
1527 1519 1613 1609 (1¹74
1634 1519 1705 1608 in.):
1737 1521 1881 1588 menibus
1903 1541 1978 1588 eum
2000 1541 2070 1588 oon·

358 1631 442 1700 snito
462 1629 624 1698 interieoit
645 1629 851 1718 (διανοηθεὶς
872 1627 1031 1716 ἔδρασεν),
1055 1649 1127 1696 nom
1149 1647 1230 1714 quse
1252 1631 1395 1696 monibus
1417 1629 1535 1694 uoshis
1559 1628 1647 1706 flunt,
1669 1627 1835 1694 volontate
1855 1635 1964 1694 nostra
1979 1627 2067 1694 hunt.

358 1739 483 1808 Deinde
505 1747 610 1804 autem
632 1738 665 1805 in
688 1738 745 1819 eie,
769 1757 850 1820 qnae
873 1742 1054 1819 sequnnter,
1076 1736 1152 1802 inde
1175 1757 1194 1803 α
1215 1735 1322 1803 verbis
1345 1731 1411 1801 ἔστι
1433 1732 1470 1802 δὲ
1492 1755 1591 1821 usqne
1613 1733 1656 1801 ud
1678 1733 1772 1800 finem
1785 1735 1979 1822 paragraphi
1996 1755 2068 1802 oon·

359 1845 446 1912 oedit
467 1852 648 1912 ooooeotnm
669 1844 801 1909 invitum
824 1844 954 1909 oeedem
970 1843 1148 1928 patravisse
1167 1835 1221 1928 (ὃν
1236 1836 1299 1908 ααίι
1315 1837 1439 1930 ἤθελεν
1453 1835 1672 1928 dusmense).
1716 1841 1859 1931 Philippi
1877 1840 1924 1930 (p.
1941 1841 1995 1910 25.
2011 1843 2069 1928 26)

358 1952 420 2020 hoe
441 1953 488 2019 ito
509 1951 665 2039 explieat:
689 1949 825 2034 „Dieser
845 1948 1003 2016 Gedunhe
1027 1998 1035 2015 .
1059 2001 1067 2017 .
1091 1998 1099 2014 .
1124 1998 1132 2016 .
1155 1950 1251 2032 kann,
1274 1969 1368 2016 wenn
1390 1971 1462 2014 mun
1485 1950 1537 2014 die
1560 1969 1661 2036 ganne
1676 1948 1861 2034 Tetrangie
1875 1950 2068 2032 beheehtet,

359 2079 420 2125 nur
451 2057 501 2126 eis
534 2059 608 2124 eine
639 2055 836 2123 rhetoriuohe
858 2039 1097 2142 iiherireibung
1125 2056 1296 2142 euigeiasst
1325 2057 1454 2122 werden
1459 2103 1598 2122 .....
1622 2055 1667 2120 hir
1689 2055 1762 2143 (der
1784 2056 1964 2143 Anhltger)
1987 2055 2067 2142 fdgt,

358 2165 432 2232 osii
454 2183 490 2230 er
512 2165 584 2232 dem
606 2167 801 2248 mgnmente
823 2159 925 2228 seihst
945 2163 1035 2228 nieht
1055 2163 1155 2248 uthig
1176 2171 1271 2249 oeut,
1305 2163 1412 2228 hiuzu:
1446 2163 1521 2244 ,und
1542 2181 1636 2228 wenn
1658 2181 1694 2228 er
1715 2165 1797 2230 enoh
1819 2164 1908 2230 nieht
1930 2165 1983 2230 die
2006 2165 2072 2230 Ab·

359 2273 443 2338 sieht
475 2268 603 2356 gehabt,
638 2289 675 2336 so
708 2271 751 2336 ist
777 2287 814 2335 er
840 2270 922 2336 doeh
957 2269 1014 2335 des
1036 2267 1144 2336 Todes
1177 2269 1343 2355 sohuldig.‘
1398 2269 1460 2336 Die
1490 2271 1600 2336 zweite
1623 2267 1951 2355 Verteidigongsrede
1973 2271 2070 2338 kehrt

359 2379 468 2445 dorum
491 2379 512 2444 i
532 2375 556 2466 ξ
575 2379 599 2442 4
624 2375 725 2462 sitilig
745 2375 863 2462 riohtig
884 2395 922 2442 to
945 2376 1073 2442 demin
1096 2370 1154 2442 der
1176 2383 1282 2444 ersten
1305 2373 1529 2460 soigestellteo
1552 2374 1647 2442 Sotue
1670 2377 1797 2458 surdelt,
1827 2378 1901 2443 does
1925 2378 1983 2444 der
2004 2380 2067 2444 An·

358 2485 511 2572 geklugte
530 2485 622 2552 nieht
642 2483 693 2550 ihr
713 2482 776 2549 den
798 2479 1046 2570 impoooeuau,
1068 2483 1131 2550 den
1152 2480 1335 2571 βουλευτής
1351 2485 1409 2550 τοῦ
1424 2479 1572 2548 θανάτου
1588 2485 1770 2570 engesehen
1783 2485 1914 2551 werden
1928 2483 2068 2552 honne.“

360 2593 494 2680 Saepius
519 2593 554 2674 ii,
589 2592 642 2676 qui
669 2591 703 2656 iu
729 2590 905 2675 tetreiogiis
927 2591 1027 2658 ver-’os
1049 2590 1177 2672 isoiont,
1208 2597 1244 2656 nt
1265 2592 1385 2656 animos
1408 2589 1544 2656 iudioum
1567 2591 1772 2657 vehementer
1793 2601 2011 2658 eommoveant
2035 2601 2070 2658 et

359 2701 421 2766 sibi
451 2699 631 2780 ooooiiient,
666 2697 809 2764 venees
834 2698 961 2764 modom
986 2705 1153 2764 hsnseunt
1178 2705 1213 2764 et
1237 2698 1345 2763 verbis
1369 2717 1436 2763 rem
1461 2717 1579 2782 sugere
1601 2706 1698 2782 utque
1720 2699 1913 2785 umplifiosre
1928 2700 2067 2768 student.

359 2803 523 2886 Quomodo
544 2813 650 2871 nmen
672 2825 721 2888 es,
744 2822 827 2888 qnae
848 2806 882 2870 in
901 2805 966 2870 fine
989 2802 1059 2884 Μ
1080 2805 1236 2890 leguntur,
1264 2804 1326 2870 huo
1348 2803 1460 2870 reterri
1481 2805 1614 2890 possint,
1648 2805 1793 2888 equidem
1816 2825 1880 2872 uon
1902 2805 2068 2893 intellego.

359 2913 461 2981 Nimis
483 2921 603 2979 temere
625 2911 745 2998 egisset
766 2919 941 2993 aecusator,
973 2912 1001 2977 si
1023 2911 1081 2977 tali
1103 2911 1343 2997 argumentandi
1364 2912 1488 2978 ratione
1511 2931 1586 2978 usus
1613 2920 1710 2994 esset,
1741 2921 1777 2978 nt
1799 2931 1871 2978 rens
1893 2913 2070 2981 firmissimo

360 3042 399 3088 eo
425 3019 602 3088 oertissimo
635 3026 820 3105 argomento
851 3017 980 3084 defendi
1001 3026 1119 3104 posset.
1166 3017 1338 3102 Postquam
1360 3019 1443 3086 enim
1467 3025 1634 3082 eoeosator
1654 3017 1725 3106 ipse
1747 3015 1843 3085 dixit:
1879 3009 1917 3087 io
1942 3013 2005 3086 ααί
2029 3015 2069 3107 ιῖ-

359 3127 461 3195 oete
481 3120 682 3207 entorses»,
705 3126 775 3192 fieri
797 3143 861 3191 non
882 3127 995 3212 potnit,
1019 3127 1096 3210 quin
1118 3126 1156 3208 is,
1183 3127 1239 3210 qui
1258 3127 1307 3191 rei
1330 3144 1456 3198 oausam
1479 3125 1636 3209 agendum
1658 3126 1809 3210 suscepit,
1838 3145 1879 3190 ex
1902 3128 2071 3194 teneone

361 3233 556 3299 aeonsetoris
577 3233 849 3318 argumentatione
870 3252 1020 3298 summam
1042 3232 1210 3299 otilitsoem
1234 3241 1373 3318 eoperet,
1400 3251 1505 3315 neque
1527 3232 1590 3297 iem
1612 3251 1692 3318 opus
1716 3241 1787 3298 erut
1807 3233 1925 3316 verbis,
1957 3235 2070 3319 quibus

362 3341 470 3406 osedts
502 3339 648 3406 ¹oonsolto
682 3347 830 3425 patrm
862 3339 977 3405 iniuria
1005 3359 1094 3404 reum
1115 3339 1258 3405 soonseri
1280 3339 1522 3404 demonstraret.
1567 3341 1712 3425 Apparet
1734 3345 1839 3406 antem
1861 3341 1945 3406 huuc
1967 3340 2070 3408 lotum

361 3445 526 3514 moniiesto
547 3463 690 3533 pugnare
712 3465 783 3513 oum
806 3445 878 3530 lege
900 3446 1019 3528 Attiou,
1043 3463 1125 3530 quse
1146 3445 1188 3511 nd
1210 3445 1340 3511 eaedem
1362 3446 1518 3531 pertinet:
1540 3465 1717 3529 quenquam
1738 3455 1905 3512 soeusstor
1918 3468 1982 3513 non
1998 3468 2069 3515 oon-

361 3553 445 3620 soito
467 3553 597 3618 eaedem
620 3553 814 3618 oommheam
837 3569 910 3618 esee
932 3553 1089 3634 ooneedit,
1113 3571 1185 3618 reus
1207 3559 1322 3634 omen,
1352 3569 1392 3618 ne
1415 3551 1530 3638 eapitis
1552 3572 1657 3638 poeno
1678 3552 1843 3635 afficietur,
1866 3555 1959 3620 timet
1980 3565 2014 3621 et
2036 3557 2068 3624 in

361 3660 571 3727 tolnnihdum
588 3659 738 3724 veonsilium
760 3660 829 3725 ehit
851 3655 961 3745 (ΓΜ).
1018 3662 1063 3726 At
1090 3679 1138 3742 eo,
1173 3677 1254 3744 quae
1284 3659 1416 3743 legimns
1438 3661 1471 3724 in
1494 3659 1557 3724 fine
1581 3659 1661 3743 m,
1696 3677 1759 3724 non
1782 3660 1883 3726 solnm
1905 3679 1975 3727 enm
1997 3662 2070 3749 lege

362 3768 472 3833 etum
493 3773 646 3853 pugnant,
671 3765 728 3831 sed
750 3767 792 3832 ub
814 3766 893 3853 ipsis
916 3767 1081 3854 seriptoris
1102 3767 1209 3833 verbis
1232 3766 1425 3852 discrepent.
1470 3765 1571 3832 Nemo
1593 3765 1677 3832 enim
1691 3765 1785 3832 isoile
1800 3765 1861 3832 sibi
1875 3770 2071 3853 persuadere

361 3879 470 3961 potest
491 3873 625 3938 eundem
647 3874 813 3950 homiuem,
843 3873 911 3939 sive
934 3875 1098 3960 Antiphon
1119 3875 1187 3940 sive
1210 3873 1289 3940 olins
1312 3872 1380 3956 fuit,
1413 3874 1446 3939 in
1474 3873 1585 3938 eedem
1608 3891 1703 3940 oense
1726 3873 1833 3939 didere
1855 3875 2009 3960 potuisse:
2040 3878 2071 3944 sl

361 3975 422 4063 μὲι
443 3972 617 4065 repexos
639 3974 808 4046 ἂιιέκαειιι
829 3975 885 4044 eor
914 3973 1028 4066 ἄνδρα,
1051 3973 1142 4058 ἄξιος
1169 3976 1212 4047 ἄν
1234 3964 1275 4044 ν”ι
1298 3975 1489 4065 συγγνώμης
1511 3987 1624 4061 τυχεῖν
1644 4001 1729 4052 moos
1750 3990 1783 4046 et
1805 3972 1843 4049 ὃν
1866 3975 1931 4046 ααίι
1953 3973 2072 4070 ἤθελεν

361 4079 558 4150 domoon.
616 4081 716 4161 Quom
749 4085 790 4150 ob
823 4103 948 4152 oausam
976 4087 1077 4152 rerba
1101 4088 1177 4152 inde
1203 4086 1244 4151 oh
1267 4084 1394 4152 ἔστιδὲ
1417 4081 1436 4150 r‘
1458 4083 1519 4170 μὲν
1541 4081 1660 4166 erogo
1682 4105 1782 4171 usque
1804 4087 1845 4152 ed
1867 4089 1960 4154 finem
1983 4110 2072 4175 pero

362 4190 476 4276 gunphi
508 4190 701 4277 interpolata
733 4210 805 4258 esse
834 4192 911 4258 mihi
936 4211 1120 4279 persuasum
1150 4201 1209 4260 est.
1267 4194 1296 4256 Δ
1329 4193 1467 4274 librario,
1503 4191 1553 4258 eni
1585 4193 1821 4279 teoeiogiurnm
1845 4205 1961 4262 auctor·
1977 4198 2070 4263 nimis

362 4295 505 4383 oopdoso
526 4305 711 4382 augumento
732 4317 805 4366 usus
828 4317 899 4366 esse
920 4299 1098 4382 videbator,
1121 4299 1256 4384 morgn'ni
1277 4299 1439 4385 adscripta
1461 4307 1543 4379 sunt,
1567 4301 1652 4368 unde
1675 4301 1708 4366 in
1724 4311 1845 4368 textum
1860 4303 2068 4390 irrepserunt.

361 4407 392 4469 A
414 4403 652 4488 mmioginum
674 4412 803 4472 auotore
825 4406 905 4474 hseo
925 4426 991 4472 non
1012 4407 1132 4493 seripta
1158 4425 1230 4473 esse
1262 4406 1315 4472 vei
1348 4405 1425 4471 inde
1450 4405 1658 4492 intellegitur,
1689 4407 1773 4492 quod
1802 4409 1950 4476 defensor
1971 4411 2006 4476 in
2028 4412 2071 4477 sl·

361 4517 432 4578 terr
452 4509 637 4578 detonsione
658 4511 738 4576 hseo
759 4513 859 4580 vobo
880 4515 1224 4600 soeuotonsprorsus
1245 4513 1399 4598 neglegit.

522 4615 588 4683 iuro
609 4617 654 4683 od
674 4617 753 4684 sitos
775 4617 862 4688 looos
883 4628 1088 4704 honfflstnos,
1107 4621 1225 4704 quiens
1244 4619 1371 4688 elueere
1386 4618 1512 4684 ridetur
1526 4619 1653 4686 tertium
1666 4621 1868 4707 tetralogiam
1883 4623 1925 4688 sd
1941 4624 2070 4690 eaedem

361 4723 622 4812 praemeditatum
653 4723 767 4792 reietri
799 4745 863 4792 non
894 4747 1002 4816 poue.
1057 4726 1206 4812 Isegimns
1236 4727 1303 4811 lte
1336 4721 1466 4809 μάθετε
1493 4722 1536 4814 δη*
1566 4725 1781 4811 πρῶτονμὲν
1813 4723 1862 4795 ὅτι
1891 4721 1989 4816 ἄρξαι
2016 4729 2070 4796 καὶ

361 4837 530 4917 nepotesve
549 4823 625 4904 rotie
645 4832 820 4916 ιεαιέρααα
840 4834 902 4898 τῶν
918 4831 1150 4920 mouentem
1171 4827 1339 4918 αἰιόιιρόι
1357 4827 1435 4896 ἐστι·
1456 4826 1532 4905 ταας
1553 4829 1614 4915 μὲι
1636 4829 1696 4918 γὰρ
1711 4829 1735 4924 ἥ
1746 4853 1784 4900 ιι
1798 4830 2070 4922 μιααλαφρααιῆη

361 4939 418 5002 eoo
439 4939 551 5018 γένυας
571 4931 593 5002 ὅ
611 4957 648 5002 ἰι
670 4927 762 5025 siagri
781 4937 840 5011 εἷς
857 4936 968 5028 ῥύμης
981 4931 1005 5028 ἥ
1018 4955 1054 5004 ια
1069 4930 1208 5023 emota
1228 4937 1287 5028 ‘ii
1308 4939 1417 5024 μέθης
1439 4932 1569 5025 ἐπαίρει
1589 4943 1635 5027 uqi
1654 4941 1757 5030 θυμῷ
1771 4941 1975 5026 χαρίζεσθαι,
1996 4935 2072 5015 uode

362 5035 1328 5132 δι’ἥιαέμιιιιριαιόιιιαααιναιμιιαιῖιιααθέιιια
1354 5039 2071 5134 ιαιῑγιίαιιςῆιεδαιαμιιιιίιιέαιφα-
